%============================ A ============================

@incollection {Abr70,
    AUTHOR = {Abraham, R.},
     TITLE = {Bumpy metrics},
 BOOKTITLE = {Global {A}nalysis ({P}roc. {S}ympos. {P}ure {M}ath., {V}ol.
              {XIV}, {B}erkeley, {C}alif., 1968)},
     PAGES = {1--3},
 PUBLISHER = {Amer. Math. Soc.},
   ADDRESS = {Providence, R.I.},
      YEAR = {1970},
   MRCLASS = {57.55 (53.00)},
  MRNUMBER = {0271994 (42 \#6875)},
MRREVIEWER = {I. Chavel},
}

@article {Ada56,
    AUTHOR = {Adams, J. F.},
     TITLE = {On the cobar construction},
   JOURNAL = {Proc. Nat. Acad. Sci. U.S.A.},
  FJOURNAL = {Proceedings of the National Academy of Sciences of the United
              States of America},
    VOLUME = {42},
      YEAR = {1956},
     PAGES = {409--412},
      ISSN = {0027-8424},
   MRCLASS = {55.0X},
  MRNUMBER = {0079266 (18,59c)},
MRREVIEWER = {W. S. Massey},
}

@article {Ada60,
    AUTHOR = {Adams, J. F.},
     TITLE = {On the non-existence of elements of {H}opf invariant one},
   JOURNAL = {Ann. of Math. (2)},
  FJOURNAL = {Annals of Mathematics. Second Series},
    VOLUME = {72},
      YEAR = {1960},
     PAGES = {20--104},
      ISSN = {0003-486X},
   MRCLASS = {55.40},
  MRNUMBER = {0141119 (25 \#4530)},
MRREVIEWER = {M. A. Kervaire},
}

@article {Ada62,
    AUTHOR = {Adams, J. F.},
     TITLE = {Vector fields on spheres},
   JOURNAL = {Ann. of Math. (2)},
  FJOURNAL = {Annals of Mathematics. Second Series},
    VOLUME = {75},
      YEAR = {1962},
     PAGES = {603--632},
      ISSN = {0003-486X},
   MRCLASS = {57.30},
  MRNUMBER = {0139178 (25 \#2614)},
MRREVIEWER = {M. F. Atiyah},
}

@article {Ada66,
    AUTHOR = {Adams, J. F.},
     TITLE = {On the groups {$J(X)$}. {IV}},
   JOURNAL = {Topology},
  FJOURNAL = {Topology. An International Journal of Mathematics},
    VOLUME = {5},
      YEAR = {1966},
     PAGES = {21--71},
      ISSN = {0040-9383},
   MRCLASS = {55.40},
  MRNUMBER = {0198470 (33 \#6628)},
MRREVIEWER = {E. Dyer},
}

@book {Ada72,
    AUTHOR = {Adams, John Frank},
     TITLE = {Algebraic topology---a student's guide},
      NOTE = {London Mathematical Society Lecture Note Series, No. 4},
 PUBLISHER = {Cambridge University Press, London-New York},
      YEAR = {1972},
     PAGES = {vi+300},
   MRCLASS = {55-01},
  MRNUMBER = {0445484 (56 \#3824)},
}

@article {Ann65C,
     TITLE = {Problems in differential and algebraic topology. {S}eattle
              {C}onference, 1963},
   JOURNAL = {Ann. of Math. (2)},
  FJOURNAL = {Annals of Mathematics. Second Series},
    VOLUME = {81},
      YEAR = {1965},
     PAGES = {565--591},
      ISSN = {0003-486X},
   MRCLASS = {55.00 (57.00)},
  MRNUMBER = {0182961 (32 \#443)},
MRREVIEWER = {A. Haefliger},
}

@article {AnGu11,
    AUTHOR = {Angulo Ardoy, Pablo and Guijarro, Luis},
     TITLE = {Balanced split sets and {H}amilton-{J}acobi equations},
   JOURNAL = {Calc. Var. Partial Differential Equations},
  FJOURNAL = {Calculus of Variations and Partial Differential Equations},
    VOLUME = {40},
      YEAR = {2011},
    NUMBER = {1-2},
     PAGES = {223--252},
      ISSN = {0944-2669},
   MRCLASS = {35F21 (35F30 49L25)},
  MRNUMBER = {2745201},
MRREVIEWER = {Paola Loreti},
       DOI = {10.1007/s00526-010-0338-y},
       URL = {https://doi.org/10.1007/s00526-010-0338-y},
}
	
@inproceedings {Ano74,
    AUTHOR = {Anosov, D. V.},
     TITLE = {Geodesics and {F}insler geometry},
 BOOKTITLE = {Proceedings of the {I}nternational {C}ongress of
              {M}athematicians ({V}ancouver, {B}. {C}., 1974), {V}ol. 2},
     PAGES = {293--297},
 PUBLISHER = {Canad. Math. Congress, Montreal, Que.},
      YEAR = {1975},
   MRCLASS = {58F15},
  MRNUMBER = {0426058 (54 \#14004)},
MRREVIEWER = {A. Morimoto},
}

@article {Ano82,
    AUTHOR = {Anosov, D. V.},
     TITLE = {Generic properties of closed geodesics},
   JOURNAL = {Izv. Akad. Nauk SSSR Ser. Mat.},
  FJOURNAL = {Izvestiya Akademii Nauk SSSR. Seriya Matematicheskaya},
    VOLUME = {46},
      YEAR = {1982},
    NUMBER = {4},
     PAGES = {675--709, 896},
      ISSN = {0373-2436},
   MRCLASS = {58E10 (53C22)},
  MRNUMBER = {670163 (84b:58029)},
MRREVIEWER = {Wolfgang Ziller},
}

@article {Arf41,
    AUTHOR = {Arf, Cahit},
     TITLE = {Untersuchungen \"uber quadratische {F}ormen in {K}\"orpern der
              {C}harakteristik 2. {I}},
   JOURNAL = {J. Reine Angew. Math.},
  FJOURNAL = {Journal f\"ur die Reine und Angewandte Mathematik},
    VOLUME = {183},
      YEAR = {1941},
     PAGES = {148--167},
      ISSN = {0075-4102},
   MRCLASS = {09.0X},
  MRNUMBER = {0008069 (4,237f)},
MRREVIEWER = {O. F. G. Schilling},
}

@article {At61,
    AUTHOR = {Atiyah, M. F.},
     TITLE = {Thom complexes},
   JOURNAL = {Proc. London Math. Soc. (3)},
  FJOURNAL = {Proceedings of the London Mathematical Society. Third Series},
    VOLUME = {11},
      YEAR = {1961},
     PAGES = {291--310},
      ISSN = {0024-6115},
   MRCLASS = {57.30},
  MRNUMBER = {0131880 (24 \#A1727)},
MRREVIEWER = {R. Bott},
}

@article {Aud05,
    AUTHOR = {Audin, Mich\`ele},
     TITLE = {On the topology of {L}agrangian submanifolds. {E}xamples and
              counter-examples},
   JOURNAL = {Port. Math. (N.S.)},
  FJOURNAL = {Portugaliae Mathematica. Nova S\'{e}rie},
    VOLUME = {62},
      YEAR = {2005},
    NUMBER = {4},
     PAGES = {375--419},
      ISSN = {0032-5155},
   MRCLASS = {53D12 (53D35)},
  MRNUMBER = {2191628},
MRREVIEWER = {Tobias Ekholm},
}

@article {AbWe02,
    AUTHOR = {Abrams, L. and Weibel, C.},
     TITLE = {Cotensor products of modules},
   JOURNAL = {Trans. Amer. Math. Soc.},
  FJOURNAL = {Transactions of the American Mathematical Society},
    VOLUME = {354},
      YEAR = {2002},
    NUMBER = {6},
     PAGES = {2173--2185 (electronic)},
      ISSN = {0002-9947},
     CODEN = {TAMTAM},
   MRCLASS = {16E30 (16W30)},
  MRNUMBER = {1885648 (2003f:16013)},
MRREVIEWER = {Marco A. Farinati},
       DOI = {10.1090/S0002-9947-02-02883-0},
       URL = {http://dx.doi.org/10.1090/S0002-9947-02-02883-0},
}

@article {AdHil56,
    AUTHOR = {Adams, J. F. and Hilton, P. J.},
     TITLE = {On the chain algebra of a loop space},
   JOURNAL = {Comment. Math. Helv.},
  FJOURNAL = {Commentarii Mathematici Helvetici},
    VOLUME = {30},
      YEAR = {1956},
     PAGES = {305--330},
      ISSN = {0010-2571},
   MRCLASS = {55.0X},
  MRNUMBER = {0077929 (17,1119b)},
MRREVIEWER = {W. S. Massey},
}

@book {AkMC90,
    AUTHOR = {Akbulut, Selman and McCarthy, John D.},
     TITLE = {Casson's invariant for oriented homology {$3$}-spheres},
    SERIES = {Mathematical Notes},
    VOLUME = {36},
      NOTE = {An exposition},
 PUBLISHER = {Princeton University Press, Princeton, NJ},
      YEAR = {1990},
     PAGES = {xviii+182},
      ISBN = {0-691-08563-3},
   MRCLASS = {57N10 (57M25)},
  MRNUMBER = {1030042 (90k:57017)},
MRREVIEWER = {Paul A. Kirk},
}

%============================ B ============================

@article {Bab79,
    AUTHOR = {Babenko, I. K.},
     TITLE = {Real homotopy properties of complete intersections},
   JOURNAL = {Izv. Akad. Nauk SSSR Ser. Mat.},
  FJOURNAL = {Izvestiya Akademii Nauk SSSR. Seriya Matematicheskaya},
    VOLUME = {43},
      YEAR = {1979},
    NUMBER = {5},
     PAGES = {1004--1024, 1197},
      ISSN = {0373-2436},
   MRCLASS = {55P62 (14M10 30B10 32C10 55P10 55P35)},
  MRNUMBER = {552549 (81b:55031)},
MRREVIEWER = {Jack Weinstein},
}

@article {Ban93,
    AUTHOR = {Bangert, Victor},
     TITLE = {On the existence of closed geodesics on two-spheres},
   JOURNAL = {Internat. J. Math.},
  FJOURNAL = {International Journal of Mathematics},
    VOLUME = {4},
      YEAR = {1993},
    NUMBER = {1},
     PAGES = {1--10},
      ISSN = {0129-167X},
   MRCLASS = {58E10 (53C22)},
  MRNUMBER = {1209957 (94d:58036)},
MRREVIEWER = {Wolfgang Ziller},
       DOI = {10.1142/S0129167X93000029},
       URL = {http://dx.doi.org/10.1142/S0129167X93000029},
}

@article {BaCh20,
    AUTHOR = {Basu, Somnath and Chakraborty, Prateep},
     TITLE = {On the cohomology ring and upper characteristic rank of
              {G}rassmannian of oriented 3-planes},
   JOURNAL = {J. Homotopy Relat. Struct.},
  FJOURNAL = {Journal of Homotopy and Related Structures},
    VOLUME = {15},
      YEAR = {2020},
    NUMBER = {1},
     PAGES = {27--60},
      ISSN = {2193-8407},
   MRCLASS = {57R19 (55R20 55R25 57R20 57T15)},
  MRNUMBER = {4062879},
MRREVIEWER = {Haynes R. Miller},
       DOI = {10.1007/s40062-019-00244-1},
       URL = {https://doi.org/10.1007/s40062-019-00244-1},
}

@book {BaHu04,
    AUTHOR = {Banyaga, Augustin and Hurtubise, David},
    TITLE = {Lectures on {M}orse homology},
    SERIES = {Kluwer Texts in the Mathematical Sciences},
    VOLUME = {29},
    PUBLISHER = {Kluwer Academic Publishers Group, Dordrecht},
    YEAR = {2004},
    PAGES = {x+324},
    ISBN = {1-4020-2695-1},
    MRCLASS = {58E05 (53D40 57R99)},
    MRNUMBER = {2145196},
    MRREVIEWER = {Michael J. Usher},
    DOI = {10.1007/978-1-4020-2696-6},
    URL = {https://doi.org/10.1007/978-1-4020-2696-6},
}

@article {BaMi62,
    AUTHOR = {Barratt, M. G. and Milnor, John},
     TITLE = {An example of anomalous singular homology},
   JOURNAL = {Proc. Amer. Math. Soc.},
  FJOURNAL = {Proceedings of the American Mathematical Society},
    VOLUME = {13},
      YEAR = {1962},
     PAGES = {293--297},
      ISSN = {0002-9939},
   MRCLASS = {55.30},
  MRNUMBER = {137110},
MRREVIEWER = {S.-T. Hu},
       DOI = {10.2307/2034486},
       URL = {https://doi.org/10.2307/2034486},
}

@online{BaPr21,
Author = {Basu, Somnath and Prasad, Sachchidanand},
Title = {A connection between cut locus, \uppercase{T}hom space and \uppercase{M}orse-\uppercase{B}ott functions},
Year = {2021},
note    = "available at \url{https://arxiv.org/abs/2011.02972}, to appear in Algebraic \& Geometric Topology",
}

@article {Bas15,
    AUTHOR = {Basu, Somnath},
     TITLE = {Of {S}ullivan models, {M}assey products, and twisted
              {P}ontrjagin products},
   JOURNAL = {J. Homotopy Relat. Struct.},
  FJOURNAL = {Journal of Homotopy and Related Structures},
    VOLUME = {10},
      YEAR = {2015},
    NUMBER = {2},
     PAGES = {239--273},
      ISSN = {2193-8407},
   MRCLASS = {Preliminary Data},
  MRNUMBER = {3348262},
       DOI = {10.1007/s40062-013-0057-0},
       URL = {http://dx.doi.org/10.1007/s40062-013-0057-0},
}

@article {Berg78,
    AUTHOR = {Bergman, George M.},
     TITLE = {The diamond lemma for ring theory},
   JOURNAL = {Adv. in Math.},
  FJOURNAL = {Advances in Mathematics},
    VOLUME = {29},
      YEAR = {1978},
    NUMBER = {2},
     PAGES = {178--218},
      ISSN = {0001-8708},
     CODEN = {ADMTA4},
   MRCLASS = {16-02},
  MRNUMBER = {506890 (81b:16001)},
MRREVIEWER = {P. M. Cohn},
       DOI = {10.1016/0001-8708(78)90010-5},
       URL = {http://dx.doi.org/10.1016/0001-8708(78)90010-5},
}

@book {Bes78,
    AUTHOR = {Besse, Arthur L.},
     TITLE = {Manifolds all of whose geodesics are closed},
    SERIES = {Ergebnisse der Mathematik und ihrer Grenzgebiete [Results in
              Mathematics and Related Areas]},
    VOLUME = {93},
      NOTE = {With appendices by D. B. A. Epstein, J.-P. Bourguignon, L.
              B\'{e}rard-Bergery, M. Berger and J. L. Kazdan},
 PUBLISHER = {Springer-Verlag, Berlin-New York},
      YEAR = {1978},
     PAGES = {ix+262},
      ISBN = {3-540-08158-5},
   MRCLASS = {53C20 (53C22 58G99)},
  MRNUMBER = {496885},
MRREVIEWER = {R. L. Bishop},
}

@book {BiCr64,
    AUTHOR = {Bishop, Richard L. and Crittenden, Richard J.},
     TITLE = {Geometry of manifolds},
      NOTE = {Reprint of the 1964 original},
 PUBLISHER = {AMS Chelsea Publishing, Providence, RI},
      YEAR = {2001},
     PAGES = {xii+273},
      ISBN = {0-8218-2923-8},
   MRCLASS = {53-01 (58-01)},
  MRNUMBER = {1852066},
       DOI = {10.1090/chel/344},
       URL = {https://doi.org/10.1090/chel/344},
}

@article {Bor53,
    AUTHOR = {Borel, Armand},
     TITLE = {Sur la cohomologie des espaces fibr\'es principaux et des
              espaces homog\`enes de groupes de {L}ie compacts},
   JOURNAL = {Ann. of Math. (2)},
  FJOURNAL = {Annals of Mathematics. Second Series},
    VOLUME = {57},
      YEAR = {1953},
     PAGES = {115--207},
      ISSN = {0003-486X},
   MRCLASS = {56.0X},
  MRNUMBER = {0051508},
MRREVIEWER = {S. Chern},
       URL = {https://doi.org/10.2307/1969728},
}

@article {Bot54,
    AUTHOR = {Bott, Raoul},
     TITLE = {Nondegenerate critical manifolds},
   JOURNAL = {Ann. of Math. (2)},
  FJOURNAL = {Annals of Mathematics. Second Series},
    VOLUME = {60},
      YEAR = {1954},
     PAGES = {248--261},
      ISSN = {0003-486X},
   MRCLASS = {56.0X},
  MRNUMBER = {64399},
MRREVIEWER = {E. H. Spanier},
       DOI = {10.2307/1969631},
       URL = {https://doi.org/10.2307/1969631},
}

@article {Bot59,
    AUTHOR = {Bott, Raoul},
     TITLE = {The stable homotopy of the classical groups},
   JOURNAL = {Ann. of Math. (2)},
  FJOURNAL = {Annals of Mathematics. Second Series},
    VOLUME = {70},
      YEAR = {1959},
     PAGES = {313--337},
      ISSN = {0003-486X},
   MRCLASS = {57.00},
  MRNUMBER = {0110104 (22 \#987)},
MRREVIEWER = {M. A. Kervaire},
}

@book {Bre72,
    AUTHOR = {Bredon, Glen E.},
     TITLE = {Introduction to compact transformation groups},
    SERIES = {Pure and Applied Mathematics, Vol. 46},
 PUBLISHER = {Academic Press, New York-London},
      YEAR = {1972},
     PAGES = {xiii+459},
   MRCLASS = {57E15},
  MRNUMBER = {0413144},
MRREVIEWER = {P. Y. Wang},
}

@article {Bro60,
    AUTHOR = {Brody, E. J.},
     TITLE = {The topological classification of the lens spaces},
   JOURNAL = {Ann. of Math. (2)},
  FJOURNAL = {Annals of Mathematics. Second Series},
    VOLUME = {71},
      YEAR = {1960},
     PAGES = {163--184},
      ISSN = {0003-486X},
   MRCLASS = {55.00},
  MRNUMBER = {0116336 (22 \#7125)},
MRREVIEWER = {J. Tao},
}

@article {Br69,
    AUTHOR = {Browder, William},
     TITLE = {The {K}ervaire invariant of framed manifolds and its
              generalization},
   JOURNAL = {Ann. of Math. (2)},
  FJOURNAL = {Annals of Mathematics. Second Series},
    VOLUME = {90},
      YEAR = {1969},
     PAGES = {157--186},
      ISSN = {0003-486X},
   MRCLASS = {57.10},
  MRNUMBER = {0251736 (40 \#4963)},
MRREVIEWER = {Edgar H. Brown, Jr.},
}

@book {Brow72b,
    AUTHOR = {Browder, William},
     TITLE = {Surgery on simply-connected manifolds},
      NOTE = {Ergebnisse der Mathematik und ihrer Grenzgebiete, Band 65},
 PUBLISHER = {Springer-Verlag, New York-Heidelberg},
      YEAR = {1972},
     PAGES = {ix+132},
   MRCLASS = {57D65},
  MRNUMBER = {0358813 (50 \#11272)},
MRREVIEWER = {P. J. Kahn},
}

@article {Br59,
    AUTHOR = {Brown, Jr., Edgar H.},
     TITLE = {Twisted tensor products. {I}},
   JOURNAL = {Ann. of Math. (2)},
  FJOURNAL = {Annals of Mathematics. Second Series},
    VOLUME = {69},
      YEAR = {1959},
     PAGES = {223--246},
      ISSN = {0003-486X},
   MRCLASS = {55.00},
  MRNUMBER = {0105687 (21 \#4423)},
MRREVIEWER = {E. Fadell},
}

@article {Buc77,
    AUTHOR = {Buchner, Michael A.},
     TITLE = {Simplicial structure of the real analytic cut locus},
   JOURNAL = {Proc. Amer. Math. Soc.},
  FJOURNAL = {Proceedings of the American Mathematical Society},
    VOLUME = {64},
      YEAR = {1977},
    NUMBER = {1},
     PAGES = {118--121},
      ISSN = {0002-9939},
   MRCLASS = {53C20 (32B20 57D70)},
  MRNUMBER = {474133},
MRREVIEWER = {Robert E. Greene},
       DOI = {10.2307/2040994},
       URL = {https://doi.org/10.2307/2040994},
}

@book {Bus55,
    AUTHOR = {Busemann, Herbert},
     TITLE = {The geometry of geodesics},
 PUBLISHER = {Academic Press Inc., New York, N. Y.},
      YEAR = {1955},
     PAGES = {x+422},
   MRCLASS = {53.0X},
  MRNUMBER = {0075623},
MRREVIEWER = {L. W. Green},
}

@article {BaBa15,
    AUTHOR = {Basu, Samik and Basu, Somnath},
     TITLE = {Homotopy groups and periodic geodesics of closed 4-manifolds},
   JOURNAL = {Internat. J. Math.},
  FJOURNAL = {International Journal of Mathematics},
    VOLUME = {26},
      YEAR = {2015},
    NUMBER = {8},
     PAGES = {1550059, 34},
      ISSN = {0129-167X},
   MRCLASS = {53C22 (55P62 55Q10 55Q52 55R20 57N65 58E10)},
  MRNUMBER = {3372186},
       DOI = {10.1142/S0129167X15500597},
       URL = {http://dx.doi.org/10.1142/S0129167X15500597},
}

@article {BaFa16,
    AUTHOR = {Basu, Somnath and Farrell, F. Thomas},
     TITLE = {Realizing congruence subgroups inside the diffeomorphism group
              of a product of homotopy spheres},
   JOURNAL = {Topology Appl.},
  FJOURNAL = {Topology and its Applications},
    VOLUME = {202},
      YEAR = {2016},
     PAGES = {205--215},
      ISSN = {0166-8641},
   MRCLASS = {Preliminary Data},
  MRNUMBER = {3464161},
       DOI = {10.1016/j.topol.2016.01.002},
       URL = {http://dx.doi.org/10.1016/j.topol.2016.01.002},
}

@article {BM16,
    AUTHOR = {Basu, Somnath and Mukherjee, Ritwik},
     TITLE = {Enumeration of curves with one singular point},
   JOURNAL = {J. Geom. Phys.},
  FJOURNAL = {Journal of Geometry and Physics},
    VOLUME = {104},
      YEAR = {2016},
     PAGES = {175--203},
      ISSN = {0393-0440},
   MRCLASS = {14-XX},
  MRNUMBER = {3483831},
       DOI = {10.1016/j.geomphys.2016.02.008},
       URL = {http://dx.doi.org/10.1016/j.geomphys.2016.02.008},
}
@article{BM14, 
      AUTHOR = "Basu, Somnath and Mukherjee, Ritwik",
      TITLE =  "Enumeration of curves with two singular points",
       JOURNAL = {Bull. Sci. math.},
  FJOURNAL = {Bulletin des Sciences Math\'ematiques},
    VOLUME = {139},
      YEAR = {2015},
    NUMBER = {6},
     PAGES = {667--735},
      ISSN = {},
   MRCLASS = {},
  MRNUMBER = {},
       DOI = {10.1016/j.bulsci.2014.11.006},
       URL = {http://www.sciencedirect.com/science/article/pii/S0007449714000943},
        NOTE =  "available at  \url{http://arxiv.org/abs/1409.6702} ", 
}

@article {BaZi82,
    AUTHOR = {Ballmann, Werner and Ziller, Wolfgang},
     TITLE = {On the number of closed geodesics on a compact {R}iemannian
              manifold},
   JOURNAL = {Duke Math. J.},
  FJOURNAL = {Duke Mathematical Journal},
    VOLUME = {49},
      YEAR = {1982},
    NUMBER = {3},
     PAGES = {629--632},
      ISSN = {0012-7094},
     CODEN = {DUMJAO},
   MRCLASS = {53C22 (58E10)},
  MRNUMBER = {672499 (84d:53048)},
MRREVIEWER = {Midori Goto},
       URL = {http://projecteuclid.org/getRecord?id=euclid.dmj/1077315381},
}

@article {BeTh14,
    AUTHOR = {Beben, Piotr and Theriault, Stephen},
     TITLE = {The loop space homotopy type of simply-connected
              four-manifolds and their generalizations},
   JOURNAL = {Adv. Math.},
  FJOURNAL = {Advances in Mathematics},
    VOLUME = {262},
      YEAR = {2014},
     PAGES = {213--238},
      ISSN = {0001-8708},
   MRCLASS = {55P35 (57N65 57P10)},
  MRNUMBER = {3228428},
MRREVIEWER = {Fengling Li},
       DOI = {10.1016/j.aim.2014.05.015},
       URL = {http://dx.doi.org/10.1016/j.aim.2014.05.015},
}

@article {BerBor15,
    AUTHOR = {Berglund, Alexander and B\"orjeson, Kaj},
     TITLE = {Free loop space homology of highly connected manifolds},
   JOURNAL = {Forum Math.},
  FJOURNAL = {Forum Mathematicum},
    VOLUME = {29},
      YEAR = {2017},
    NUMBER = {1},
     PAGES = {201--228},
      ISSN = {0933-7741},
   MRCLASS = {55P50 (16E40 16S37 55P35)},
  MRNUMBER = {3592599},
MRREVIEWER = {Samuel B. Smith},
       DOI = {10.1515/forum-2015-0074},
       URL = {http://dx.doi.org/10.1515/forum-2015-0074},
}

@article {BerMad13,
    AUTHOR = {Berglund, Alexander and Madsen, Ib},
     TITLE = {Homological stability of diffeomorphism groups},
   JOURNAL = {Pure Appl. Math. Q.},
  FJOURNAL = {Pure and Applied Mathematics Quarterly},
    VOLUME = {9},
      YEAR = {2013},
    NUMBER = {1},
     PAGES = {1--48},
      ISSN = {1558-8599},
   MRCLASS = {55P62 (57R50)},
  MRNUMBER = {3126499},
MRREVIEWER = {John F. Oprea},
       DOI = {10.4310/PAMQ.2013.v9.n1.a1},
       URL = {http://dx.doi.org/10.4310/PAMQ.2013.v9.n1.a1},
}

@article {BlMa51,
    AUTHOR = {Blakers, A. L. and Massey, W. S.},
     TITLE = {The homotopy groups of a triad. {I}},
   JOURNAL = {Ann. of Math. (2)},
  FJOURNAL = {Annals of Mathematics. Second Series},
    VOLUME = {53},
      YEAR = {1951},
     PAGES = {161--205},
      ISSN = {0003-486X},
   MRCLASS = {56.0X},
  MRNUMBER = {0038654 (12,435e)},
MRREVIEWER = {J. Dugundji},
}

@article {BP64,
    AUTHOR = {Brown, Jr., E. H. and Peterson, F. P.},
     TITLE = {Whitehead products and cohomology operations},
   JOURNAL = {Quart. J. Math. Oxford Ser. (2)},
  FJOURNAL = {The Quarterly Journal of Mathematics. Oxford. Second Series},
    VOLUME = {15},
      YEAR = {1964},
     PAGES = {116--120},
      ISSN = {0033-5606},
   MRCLASS = {55.34},
  MRNUMBER = {0161341 (28 \#4549)},
MRREVIEWER = {J. F. Adams},
}

@article {BP65,
    AUTHOR = {Brown, Jr., Edgar H. and Peterson, Franklin P.},
     TITLE = {The {K}ervaire invariant of {$(8k+2)$}-manifolds},
   JOURNAL = {Bull. Amer. Math. Soc.},
  FJOURNAL = {Bulletin of the American Mathematical Society},
    VOLUME = {71},
      YEAR = {1965},
     PAGES = {190--193},
      ISSN = {0002-9904},
   MRCLASS = {57.10 (57.32)},
  MRNUMBER = {0170346 (30 \#584)},
MRREVIEWER = {P. E. Conner},
}

@book {BoTu,
    AUTHOR = {Bott, Raoul and Tu, Loring W.},
     TITLE = {Differential forms in algebraic topology},
    SERIES = {Graduate Texts in Mathematics},
    VOLUME = {82},
 PUBLISHER = {Springer-Verlag},
   ADDRESS = {New York},
      YEAR = {1982},
     PAGES = {xiv+331},
      ISBN = {0-387-90613-4},
   MRCLASS = {57R19 (55-02 58-01 58A12)},
  MRNUMBER = {658304 (83i:57016)},
MRREVIEWER = {Hansklaus Rummler},
}

@book {BrWi03,
    AUTHOR = {Brzezinski, Tomasz and Wisbauer, Robert},
     TITLE = {Corings and comodules},
    SERIES = {London Mathematical Society Lecture Note Series},
    VOLUME = {309},
 PUBLISHER = {Cambridge University Press},
   ADDRESS = {Cambridge},
      YEAR = {2003},
     PAGES = {xii+476},
      ISBN = {0-521-53931-5},
   MRCLASS = {16W30},
  MRNUMBER = {2012570 (2004k:16093)},
MRREVIEWER = {Fabio Gavarini},
       DOI = {10.1017/CBO9780511546495},
       URL = {http://dx.doi.org/10.1017/CBO9780511546495},
}

@article {BLS64,
    AUTHOR = {Bass, H. and Lazard, M. and Serre, J.-P.},
     TITLE = {Sous-groupes d'indice fini dans {${\bf SL}(n,\,{\bf Z})$}},
   JOURNAL = {Bull. Amer. Math. Soc.},
  FJOURNAL = {Bulletin of the American Mathematical Society},
    VOLUME = {70},
      YEAR = {1964},
     PAGES = {385--392},
      ISSN = {0002-9904},
   MRCLASS = {20.65 (20.75)},
  MRNUMBER = {0161913 (28 \#5117)},
MRREVIEWER = {J. Dieudonn{\'e}},
}

@article {BMS67,
    AUTHOR = {Bass, H. and Milnor, J. and Serre, J.-P.},
     TITLE = {Solution of the congruence subgroup problem for {${\rm
              SL}_{n}\,(n\geq 3)$} and {${\rm Sp}_{2n}\,(n\geq 2)$}},
   JOURNAL = {Inst. Hautes \'Etudes Sci. Publ. Math.},
  FJOURNAL = {Institut des Hautes \'Etudes Scientifiques. Publications
              Math\'ematiques},
    NUMBER = {33},
      YEAR = {1967},
     PAGES = {59--137},
      ISSN = {0073-8301},
   MRCLASS = {14.50 (20.00)},
  MRNUMBER = {0244257 (39 \#5574)},
MRREVIEWER = {R. Steinberg},
}

@article {BJM84,
    AUTHOR = {Barratt, M. G. and Jones, J. D. S. and Mahowald, M. E.},
     TITLE = {Relations amongst {T}oda brackets and the {K}ervaire invariant
              in dimension {$62$}},
   JOURNAL = {J. London Math. Soc. (2)},
  FJOURNAL = {Journal of the London Mathematical Society. Second Series},
    VOLUME = {30},
      YEAR = {1984},
    NUMBER = {3},
     PAGES = {533--550},
      ISSN = {0024-6107},
     CODEN = {JLMSAK},
   MRCLASS = {55Q45 (55T15)},
  MRNUMBER = {810962 (87g:55025)},
MRREVIEWER = {Haynes R. Miller},
       DOI = {10.1112/jlms/s2-30.3.533},
       URL = {http://dx.doi.org/10.1112/jlms/s2-30.3.533},
}

@article {BTZ81,
    AUTHOR = {Ballmann, W. and Thorbergsson, G. and Ziller, W.},
     TITLE = {Closed geodesics and the fundamental group},
   JOURNAL = {Duke Math. J.},
  FJOURNAL = {Duke Mathematical Journal},
    VOLUME = {48},
      YEAR = {1981},
    NUMBER = {3},
     PAGES = {585--588},
      ISSN = {0012-7094},
     CODEN = {DUMJAO},
   MRCLASS = {58E10 (58D17)},
  MRNUMBER = {630586 (82j:58041)},
MRREVIEWER = {Y. Mut{\^o}},
       URL = {http://projecteuclid.org/getRecord?id=euclid.dmj/1077314782},
}

@incollection {BTZ83,
    AUTHOR = {Ballmann, W. and Thorbergsson, G. and Ziller, W.},
     TITLE = {On the existence of short closed geodesics and their stability
              properties},
 BOOKTITLE = {Seminar on minimal submanifolds},
    SERIES = {Ann. of Math. Stud.},
    VOLUME = {103},
     PAGES = {53--63},
 PUBLISHER = {Princeton Univ. Press},
   ADDRESS = {Princeton, NJ},
      YEAR = {1983},
   MRCLASS = {58E10},
  MRNUMBER = {795228},
}

@article {BMSS15,
    AUTHOR = {Basu, Somnath and McGibbon, Jason and Sullivan, Dennis and
              Sullivan, Michael},
     TITLE = {Transverse string topology and the cord algebra},
   JOURNAL = {J. Symplectic Geom.},
  FJOURNAL = {The Journal of Symplectic Geometry},
    VOLUME = {13},
      YEAR = {2015},
    NUMBER = {1},
     PAGES = {1--16},
      ISSN = {1527-5256},
   MRCLASS = {57M27},
  MRNUMBER = {3338829},
       DOI = {10.4310/JSG.2015.v13.n1.a1},
       URL = {http://dx.doi.org/10.4310/JSG.2015.v13.n1.a1},
}

%============================ C ============================

@article {Car58,
    AUTHOR = {Cartier, P.},
     TITLE = {Remarques sur le th\'eor\`eme de {B}irkhoff-{W}itt},
   JOURNAL = {Ann. Scuola Norm. Sup. Pisa (3)},
    VOLUME = {12},
      YEAR = {1958},
     PAGES = {1--4},
   MRCLASS = {17.00},
  MRNUMBER = {0098121 (20 \#4583)},
MRREVIEWER = {G. Birkhoff},
}

@book {Car92,
    AUTHOR = {do Carmo, Manfredo Perdig\~{a}o},
     TITLE = {Riemannian geometry},
    SERIES = {Mathematics: Theory \& Applications},
      NOTE = {Translated from the second Portuguese edition by Francis
              Flaherty},
 PUBLISHER = {Birkh\"{a}user Boston, Inc., Boston, MA},
      YEAR = {1992},
     PAGES = {xiv+300},
      ISBN = {0-8176-3490-8},
   MRCLASS = {53-01},
  MRNUMBER = {1138207},
MRREVIEWER = {Bang-yen Chen},
       DOI = {10.1007/978-1-4757-2201-7},
       URL = {https://doi.org/10.1007/978-1-4757-2201-7},
}

@article {Cha04,
    AUTHOR = {Chas, Moira},
     TITLE = {Combinatorial {L}ie bialgebras of curves on surfaces},
   JOURNAL = {Topology},
  FJOURNAL = {Topology. An International Journal of Mathematics},
    VOLUME = {43},
      YEAR = {2004},
    NUMBER = {3},
     PAGES = {543--568},
      ISSN = {0040-9383},
     CODEN = {TPLGAF},
   MRCLASS = {57M99 (17B62 57N05)},
  MRNUMBER = {2041630 (2005b:57038)},
MRREVIEWER = {Shlomo Gelaki},
       DOI = {10.1016/j.top.2003.03.003},
       URL = {http://dx.doi.org/10.1016/j.top.2003.03.003},
}

@article {Cha10,
    AUTHOR = {Chas, Moira},
     TITLE = {Minimal intersection of curves on surfaces},
   JOURNAL = {Geom. Dedicata},
  FJOURNAL = {Geometriae Dedicata},
    VOLUME = {144},
      YEAR = {2010},
     PAGES = {25--60},
      ISSN = {0046-5755},
     CODEN = {GEMDAT},
   MRCLASS = {57M07 (20E06)},
  MRNUMBER = {2580416 (2011c:57001)},
MRREVIEWER = {Brent Everitt},
       DOI = {10.1007/s10711-009-9385-y},
       URL = {http://dx.doi.org/10.1007/s10711-009-9385-y},
}

@book {ChEb75,
    AUTHOR = {Cheeger, Jeff and Ebin, David G.},
     TITLE = {Comparison theorems in {R}iemannian geometry},
    SERIES = {North-Holland Mathematical Library, Vol. 9},
 PUBLISHER = {North-Holland Publishing Co., Amsterdam-Oxford; American
              Elsevier Publishing Co., Inc., New York},
      YEAR = {1975},
     PAGES = {viii+174},
   MRCLASS = {53C20 (58E10)},
  MRNUMBER = {0458335},
MRREVIEWER = {N. J. Hicks},
}

@article {Cohn63,
    AUTHOR = {Cohn, P. M.},
     TITLE = {A remark on the {B}irkhoff-{W}itt theorem},
   JOURNAL = {J. London Math. Soc.},
  FJOURNAL = {Journal of the London Mathematical Society. Second Series},
    VOLUME = {38},
      YEAR = {1963},
     PAGES = {197--203},
      ISSN = {0024-6107},
   MRCLASS = {17.30},
  MRNUMBER = {0148717 (26 \#6223)},
MRREVIEWER = {G. Leger},
}

@article {CMN79,
    AUTHOR = {Cohen, F. R. and Moore, J. C. and Neisendorfer, J. A.},
     TITLE = {Torsion in homotopy groups},
   JOURNAL = {Ann. of Math. (2)},
  FJOURNAL = {Annals of Mathematics. Second Series},
    VOLUME = {109},
      YEAR = {1979},
    NUMBER = {1},
     PAGES = {121--168},
      ISSN = {0003-486X},
     CODEN = {ANMAAH},
   MRCLASS = {55Q40},
  MRNUMBER = {519355 (80e:55024)},
MRREVIEWER = {V. P. Snaith},
       DOI = {10.2307/1971269},
       URL = {http://dx.doi.org/10.2307/1971269},
}

@article {CMN80,
    AUTHOR = {Cohen, F. R. and Moore, J. C. and Neisendorfer, J. A.},
     TITLE = {Note on higher torsion in the homotopy groups of single
              suspensions},
   JOURNAL = {Illinois J. Math.},
  FJOURNAL = {Illinois Journal of Mathematics},
    VOLUME = {24},
      YEAR = {1980},
    NUMBER = {4},
     PAGES = {619--623},
      ISSN = {0019-2082},
     CODEN = {IJMTAW},
   MRCLASS = {55Q05},
  MRNUMBER = {586800 (82c:55016)},
MRREVIEWER = {M. Mimura},
       URL = {http://projecteuclid.org/euclid.ijm/1256047477},
}

@article {CaHa98,
    AUTHOR = {Caporaso, Lucia and Harris, Joe},
     TITLE = {Counting plane curves of any genus},
   JOURNAL = {Invent. Math.},
  FJOURNAL = {Inventiones Mathematicae},
    VOLUME = {131},
      YEAR = {1998},
    NUMBER = {2},
     PAGES = {345--392},
      ISSN = {0020-9910},
     CODEN = {INVMBH},
   MRCLASS = {14N10 (14B07 14H10 14J10)},
  MRNUMBER = {1608583 (99i:14064)},
MRREVIEWER = {Susan J. Colley},
       DOI = {10.1007/s002220050208},
       URL = {http://dx.doi.org/10.1007/s002220050208},
}

@book {CoFl64,
    AUTHOR = {Conner, P. E. and Floyd, E. E.},
     TITLE = {Differentiable periodic maps},
    SERIES = {Ergebnisse der Mathematik und ihrer Grenzgebiete, N. F., Band
              33},
 PUBLISHER = {Academic Press Inc., Publishers, New York; Springer-Verlag,
              Berlin-G\"ottingen-Heidelberg},
      YEAR = {1964},
     PAGES = {vii+148},
   MRCLASS = {57.10 (55.36)},
  MRNUMBER = {0176478 (31 \#750)},
MRREVIEWER = {E. Dyer},
}

@article {CG02,
    AUTHOR = {Cohen, F. R. and Gitler, S.},
     TITLE = {On loop spaces of configuration spaces},
   JOURNAL = {Trans. Amer. Math. Soc.},
  FJOURNAL = {Transactions of the American Mathematical Society},
    VOLUME = {354},
      YEAR = {2002},
    NUMBER = {5},
     PAGES = {1705--1748},
      ISSN = {0002-9947},
     CODEN = {TAMTAM},
   MRCLASS = {55R80 (20F36 55P35)},
  MRNUMBER = {1881013 (2002m:55020)},
MRREVIEWER = {Don Shimamoto},
       DOI = {10.1090/S0002-9947-02-02948-3},
       URL = {http://dx.doi.org/10.1090/S0002-9947-02-02948-3},
}

@article {CJ02,
    AUTHOR = {Cohen, Ralph L. and Jones, John D. S.},
     TITLE = {A homotopy theoretic realization of string topology},
   JOURNAL = {Math. Ann.},
  FJOURNAL = {Mathematische Annalen},
    VOLUME = {324},
      YEAR = {2002},
    NUMBER = {4},
     PAGES = {773--798},
      ISSN = {0025-5831},
     CODEN = {MAANA},
   MRCLASS = {55P43 (55P35 55U35)},
  MRNUMBER = {1942249 (2004c:55019)},
MRREVIEWER = {Alexander A. Voronov},
       DOI = {10.1007/s00208-002-0362-0},
       URL = {http://dx.doi.org/10.1007/s00208-002-0362-0},
}

@book {CrJa98,
    AUTHOR = {Crabb, Michael and James, Ioan},
     TITLE = {Fibrewise homotopy theory},
    SERIES = {Springer Monographs in Mathematics},
 PUBLISHER = {Springer-Verlag London, Ltd., London},
      YEAR = {1998},
     PAGES = {viii+341},
      ISBN = {1-85233-014-7},
   MRCLASS = {55-02 (55M20 55P42 55R99 55T10 55T20)},
  MRNUMBER = {1646248},
MRREVIEWER = {J. P. C. Greenlees},
       DOI = {10.1007/978-1-4471-1265-5},
       URL = {http://dx.doi.org/10.1007/978-1-4471-1265-5},
}

@article {CLB09,
    AUTHOR = {Chataur, David and Le Borgne, Jean-Fran{\c{c}}ois},
     TITLE = {Homology of spaces of regular loops in the sphere},
   JOURNAL = {Algebr. Geom. Topol.},
  FJOURNAL = {Algebraic \& Geometric Topology},
    VOLUME = {9},
      YEAR = {2009},
    NUMBER = {2},
     PAGES = {935--977},
      ISSN = {1472-2747},
   MRCLASS = {55N45 (55P50 55T10 58E05)},
  MRNUMBER = {2505130 (2010i:55007)},
MRREVIEWER = {Fei Han},
       DOI = {10.2140/agt.2009.9.935},
       URL = {http://dx.doi.org/10.2140/agt.2009.9.935},
}

@incollection {CS04,
    AUTHOR = {Chas, Moira and Sullivan, Dennis},
     TITLE = {Closed string operators in topology leading to {L}ie
              bialgebras and higher string algebra},
 BOOKTITLE = {The legacy of {N}iels {H}enrik {A}bel},
     PAGES = {771--784},
 PUBLISHER = {Springer},
   ADDRESS = {Berlin},
      YEAR = {2004},
   MRCLASS = {55P48 (17B62 57M27)},
  MRNUMBER = {2077595 (2005f:55007)},
MRREVIEWER = {Riccardo Longoni},
}

@incollection {CS09,
    AUTHOR = {Chas, Moira and Sullivan, Dennis},
     TITLE = {String topology in dimensions two and three},
 BOOKTITLE = {Algebraic topology},
    SERIES = {Abel Symp.},
    VOLUME = {4},
     PAGES = {33--37},
 PUBLISHER = {Springer},
   ADDRESS = {Berlin},
      YEAR = {2009},
   MRCLASS = {55P50 (57M50)},
  MRNUMBER = {2597733 (2011c:55026)},
       DOI = {10.1007/978-3-642-01200-6_2},
       URL = {http://dx.doi.org/10.1007/978-3-642-01200-6_2},
}

@article {CKS08,
    AUTHOR = {Cohen, Ralph L. and Klein, John R. and Sullivan, Dennis},
     TITLE = {The homotopy invariance of the string topology loop product
              and string bracket},
   JOURNAL = {J. Topol.},
  FJOURNAL = {Journal of Topology},
    VOLUME = {1},
      YEAR = {2008},
    NUMBER = {2},
     PAGES = {391--408},
      ISSN = {1753-8416},
   MRCLASS = {55N45 (55P35 55R80)},
  MRNUMBER = {2399136 (2009h:55004)},
MRREVIEWER = {Sadok Kallel},
       DOI = {10.1112/jtopol/jtn001},
       URL = {http://dx.doi.org/10.1112/jtopol/jtn001},
}

@book {CTM102,
    AUTHOR = {Ranicki, A. A.},
     TITLE = {Algebraic {$L$}-theory and topological manifolds},
    SERIES = {Cambridge Tracts in Mathematics},
    VOLUME = {102},
 PUBLISHER = {Cambridge University Press, Cambridge},
      YEAR = {1992},
     PAGES = {viii+358},
      ISBN = {0-521-42024-5},
   MRCLASS = {57R67 (19L99 19M05 57P10)},
  MRNUMBER = {1211640 (94i:57051)},
MRREVIEWER = {Ian Hambleton},
}

%============================ D ============================

@article {DaDe18,
    AUTHOR = {Daniilidis, Aris and Deville, Robert and Durand-Cartagena,
              Estibalitz and Rifford, Ludovic},
     TITLE = {Self-contracted curves in {R}iemannian manifolds},
   JOURNAL = {J. Math. Anal. Appl.},
  FJOURNAL = {Journal of Mathematical Analysis and Applications},
    VOLUME = {457},
      YEAR = {2018},
    NUMBER = {2},
     PAGES = {1333--1352},
      ISSN = {0022-247X},
   MRCLASS = {53A04},
  MRNUMBER = {3705356},
MRREVIEWER = {Mustafa D{\"u}ld{\"u}l},
       DOI = {10.1016/j.jmaa.2017.04.011},
       URL = {https://doi.org/10.1016/j.jmaa.2017.04.011},
}

@article {Deg97,
    AUTHOR = {Degen, W. L. F.},
     TITLE = {The cut locus of an ellipsoid},
   JOURNAL = {Geom. Dedicata},
  FJOURNAL = {Geometriae Dedicata},
    VOLUME = {67},
      YEAR = {1997},
    NUMBER = {2},
     PAGES = {197--198},
      ISSN = {0046-5755},
   MRCLASS = {52A15 (53A05)},
  MRNUMBER = {1474119},
MRREVIEWER = {Uwe Schnell},
       DOI = {10.1023/A:1004927626862},
       URL = {https://doi.org/10.1023/A:1004927626862},
}

@article {DuLi05,
    AUTHOR = {Duan, Haibao and Liang, Chao},
     TITLE = {Circle bundles over 4-manifolds},
   JOURNAL = {Arch. Math. (Basel)},
  FJOURNAL = {Archiv der Mathematik},
    VOLUME = {85},
      YEAR = {2005},
    NUMBER = {3},
     PAGES = {278--282},
      ISSN = {0003-889X},
     CODEN = {ACVMAL},
   MRCLASS = {57R22 (55R25)},
  MRNUMBER = {2172386 (2006e:57038)},
MRREVIEWER = {Donald M. Davis},
       DOI = {10.1007/s00013-005-1214-4},
       URL = {http://dx.doi.org/10.1007/s00013-005-1214-4},
}

@article {DuLo10,
    AUTHOR = {Duan, Huagui and Long, Yiming},
     TITLE = {The index growth and multiplicity of closed geodesics},
   JOURNAL = {J. Funct. Anal.},
  FJOURNAL = {Journal of Functional Analysis},
    VOLUME = {259},
      YEAR = {2010},
    NUMBER = {7},
     PAGES = {1850--1913},
      ISSN = {0022-1236},
     CODEN = {JFUAAW},
   MRCLASS = {58E10 (53C22 53C60)},
  MRNUMBER = {2665413 (2011h:58020)},
MRREVIEWER = {Karl Friedrich Siburg},
       DOI = {10.1016/j.jfa.2010.05.003},
       URL = {http://dx.doi.org/10.1016/j.jfa.2010.05.003},
}

@article {DGMS75,
    AUTHOR = {Deligne, Pierre and Griffiths, Phillip and Morgan, John and
              Sullivan, Dennis},
     TITLE = {Real homotopy theory of {K}\"ahler manifolds},
   JOURNAL = {Invent. Math.},
  FJOURNAL = {Inventiones Mathematicae},
    VOLUME = {29},
      YEAR = {1975},
    NUMBER = {3},
     PAGES = {245--274},
      ISSN = {0020-9910},
   MRCLASS = {32C10 (57D15)},
  MRNUMBER = {0382702 (52 \#3584)},
MRREVIEWER = {M. F. Atiyah},
}

%============================ E ============================

@article {EM66,
    AUTHOR = {Eilenberg, Samuel and Moore, John C.},
     TITLE = {Homology and fibrations. {I}. {C}oalgebras, cotensor product
              and its derived functors},
   JOURNAL = {Comment. Math. Helv.},
  FJOURNAL = {Commentarii Mathematici Helvetici},
    VOLUME = {40},
      YEAR = {1966},
     PAGES = {199--236},
      ISSN = {0010-2571},
   MRCLASS = {55.50},
  MRNUMBER = {0203730 (34 \#3579)},
MRREVIEWER = {A. Heller},
}

%============================ F ============================
@article {Fer22,
    AUTHOR = {Fermi, Enrico},
    TITLE = {Sopra i fenomeni che avvengono in vicinanza di una linea oraria},
    JOURNAL={Rend. Lincei},
    VOLUME = {31},
    SERIES = {Chicago Lectures in Math.},
     PAGES = {21--23},
      YEAR = {1922},
}

@incollection {Fis11,
    AUTHOR = {Fisher, David},
     TITLE = {Groups acting on manifolds: around the {Z}immer program},
 BOOKTITLE = {Geometry, rigidity, and group actions},
    SERIES = {Chicago Lectures in Math.},
     PAGES = {72--157},
 PUBLISHER = {Univ. Chicago Press, Chicago, IL},
      YEAR = {2011},
   MRCLASS = {22F05 (22E40 37C85 57S20)},
  MRNUMBER = {2807830 (2012i:22037)},
MRREVIEWER = {Dave Witte Morris},
       DOI = {10.7208/chicago/9780226237909.001.0001},
       URL = {http://dx.doi.org/10.7208/chicago/9780226237909.001.0001},
}

@article {Fra92,
    AUTHOR = {Franks, John},
     TITLE = {Geodesics on {$S^2$} and periodic points of annulus
              homeomorphisms},
   JOURNAL = {Invent. Math.},
  FJOURNAL = {Inventiones Mathematicae},
    VOLUME = {108},
      YEAR = {1992},
    NUMBER = {2},
     PAGES = {403--418},
      ISSN = {0020-9910},
     CODEN = {INVMBH},
   MRCLASS = {58F20 (58E10)},
  MRNUMBER = {1161099 (93f:58192)},
MRREVIEWER = {Vladislav S. Medvedev},
       DOI = {10.1007/BF02100612},
       URL = {http://dx.doi.org/10.1007/BF02100612},
}

@article {Fre82,
    AUTHOR = {Freedman, Michael Hartley},
     TITLE = {The topology of four-dimensional manifolds},
   JOURNAL = {J. Differential Geom.},
  FJOURNAL = {Journal of Differential Geometry},
    VOLUME = {17},
      YEAR = {1982},
    NUMBER = {3},
     PAGES = {357--453},
      ISSN = {0022-040X},
     CODEN = {JDGEAS},
   MRCLASS = {57N12 (57R80 57R99)},
  MRNUMBER = {679066 (84b:57006)},
MRREVIEWER = {John J. Walsh},
       URL = {http://projecteuclid.org/getRecord?id=euclid.jdg/1214437136},
}

@article {Freu38,
    AUTHOR = {Freudenthal, Hans},
     TITLE = {\"{U}ber die {K}lassen der {S}ph\"arenabbildungen {I}.
              {G}ro\ss e {D}imensionen},
   JOURNAL = {Compositio Math.},
  FJOURNAL = {Compositio Mathematica},
    VOLUME = {5},
      YEAR = {1938},
     PAGES = {299--314},
      ISSN = {0010-437X},
     CODEN = {CMPMAF},
   MRCLASS = {Contributed Item},
  MRNUMBER = {1556999},
       URL = {http://www.numdam.org/item?id=CM_1938__5__299_0},
}

@book {Ful98,
    AUTHOR = {Fulton, William},
     TITLE = {Intersection theory},
    SERIES = {Ergebnisse der Mathematik und ihrer Grenzgebiete. 3. Folge. A
              Series of Modern Surveys in Mathematics [Results in
              Mathematics and Related Areas. 3rd Series. A Series of Modern
              Surveys in Mathematics]},
    VOLUME = {2},
   EDITION = {Second},
 PUBLISHER = {Springer-Verlag},
   ADDRESS = {Berlin},
      YEAR = {1998},
     PAGES = {xiv+470},
      ISBN = {3-540-62046-X; 0-387-98549-2},
   MRCLASS = {14C17 (14-02)},
  MRNUMBER = {1644323 (99d:14003)},
       DOI = {10.1007/978-1-4612-1700-8},
       URL = {http://dx.doi.org/10.1007/978-1-4612-1700-8},
}

@book {FHT01,
    AUTHOR = {F{\'e}lix, Yves and Halperin, Stephen and Thomas, Jean-Claude},
     TITLE = {Rational homotopy theory},
    SERIES = {Graduate Texts in Mathematics},
    VOLUME = {205},
 PUBLISHER = {Springer-Verlag},
   ADDRESS = {New York},
      YEAR = {2001},
     PAGES = {xxxiv+535},
      ISBN = {0-387-95068-0},
   MRCLASS = {55P62 (18Gxx 55U35)},
  MRNUMBER = {1802847 (2002d:55014)},
MRREVIEWER = {John F. Oprea},
}

@book {FOT08,
    AUTHOR = {F{\'e}lix, Yves and Oprea, John and Tanr{\'e}, Daniel},
     TITLE = {Algebraic models in geometry},
    SERIES = {Oxford Graduate Texts in Mathematics},
    VOLUME = {17},
 PUBLISHER = {Oxford University Press},
   ADDRESS = {Oxford},
      YEAR = {2008},
     PAGES = {xxii+460},
      ISBN = {978-0-19-920651-3},
   MRCLASS = {55P62 (53-02 53C22 53D35 55-02)},
  MRNUMBER = {2403898 (2009a:55006)},
MRREVIEWER = {Samuel B. Smith},
}

@article {FTV07,
    AUTHOR = {F{\'e}lix, Yves and Thomas, Jean-Claude and
              Vigu{\'e}-Poirrier, Micheline},
     TITLE = {Rational string topology},
   JOURNAL = {J. Eur. Math. Soc. (JEMS)},
  FJOURNAL = {Journal of the European Mathematical Society (JEMS)},
    VOLUME = {9},
      YEAR = {2007},
    NUMBER = {1},
     PAGES = {123--156},
      ISSN = {1435-9855},
   MRCLASS = {55N45 (16E40 19D55 55P35 55P62)},
  MRNUMBER = {2283106 (2007k:55009)},
MRREVIEWER = {David Chataur},
}

@article {Fuk08,
    AUTHOR = {Fukaya, Tomohiro},
     TITLE = {Gr\"obner bases of oriented {G}rassmann manifolds},
   JOURNAL = {Homology Homotopy Appl.},
  FJOURNAL = {Homology, Homotopy and Applications},
    VOLUME = {10},
      YEAR = {2008},
    NUMBER = {2},
     PAGES = {195--209},
      ISSN = {1532-0073},
   MRCLASS = {55M30 (13P10 57T15)},
  MRNUMBER = {2475609},
MRREVIEWER = {Yves F\'elix},
       URL = {http://projecteuclid.org/euclid.hha/1251811073},
}

%============================ G ============================

@article {Gil69,
    AUTHOR = {Gilmore, Maurice},
     TITLE = {Some {W}hitehead products on odd spheres},
   JOURNAL = {Proc. Amer. Math. Soc.},
  FJOURNAL = {Proceedings of the American Mathematical Society},
    VOLUME = {20},
      YEAR = {1969},
     PAGES = {375--377},
      ISSN = {0002-9939},
   MRCLASS = {55.45},
  MRNUMBER = {0234460 (38 \#2777)},
MRREVIEWER = {G. J. Porter},
}

@article {GlSi76,
    AUTHOR = {Singer, David and Gluck, Herman},
     TITLE = {The existence of nontriangulable cut loci},
   JOURNAL = {Bull. Amer. Math. Soc.},
  FJOURNAL = {Bulletin of the American Mathematical Society},
    VOLUME = {82},
      YEAR = {1976},
    NUMBER = {4},
     PAGES = {599--602},
      ISSN = {0002-9904},
   MRCLASS = {53C20 (57D70)},
  MRNUMBER = {415539},
MRREVIEWER = {Sheila Carter},
       DOI = {10.1090/S0002-9904-1976-14125-0},
       URL = {https://doi.org/10.1090/S0002-9904-1976-14125-0},
}

@article {GlSi78,
    AUTHOR = {Gluck, Herman and Singer, David},
     TITLE = {Scattering of geodesic fields. {I}},
   JOURNAL = {Ann. of Math. (2)},
  FJOURNAL = {Annals of Mathematics. Second Series},
    VOLUME = {108},
      YEAR = {1978},
    NUMBER = {2},
     PAGES = {347--372},
      ISSN = {0003-486X},
   MRCLASS = {53C20 (57R70)},
  MRNUMBER = {506991},
MRREVIEWER = {John Bolton},
       DOI = {10.2307/1971170},
       URL = {https://doi.org/10.2307/1971170},
}	

@article {God07,
    AUTHOR = {Godin, V{\'e}ronique},
     TITLE = {The unstable integral homology of the mapping class groups of
              a surface with boundary},
   JOURNAL = {Math. Ann.},
  FJOURNAL = {Mathematische Annalen},
    VOLUME = {337},
      YEAR = {2007},
    NUMBER = {1},
     PAGES = {15--60},
      ISSN = {0025-5831},
     CODEN = {MAANA},
   MRCLASS = {57M07 (57N05)},
  MRNUMBER = {2262776 (2008b:57002)},
MRREVIEWER = {Ryan D. Budney},
       DOI = {10.1007/s00208-006-0025-7},
       URL = {http://dx.doi.org/10.1007/s00208-006-0025-7},
}

@article {Gol86,
    AUTHOR = {Goldman, William M.},
     TITLE = {Invariant functions on {L}ie groups and {H}amiltonian flows of
              surface group representations},
   JOURNAL = {Invent. Math.},
  FJOURNAL = {Inventiones Mathematicae},
    VOLUME = {85},
      YEAR = {1986},
    NUMBER = {2},
     PAGES = {263--302},
      ISSN = {0020-9910},
     CODEN = {INVMBH},
   MRCLASS = {32G15 (57M05)},
  MRNUMBER = {846929 (87j:32069)},
MRREVIEWER = {C. Earle},
       DOI = {10.1007/BF01389091},
       URL = {http://dx.doi.org/10.1007/BF01389091},
}

@article {Gro78,
    AUTHOR = {Gromov, Mikhael},
     TITLE = {Homotopical effects of dilatation},
   JOURNAL = {J. Differential Geom.},
  FJOURNAL = {Journal of Differential Geometry},
    VOLUME = {13},
      YEAR = {1978},
    NUMBER = {3},
     PAGES = {303--310},
      ISSN = {0022-040X},
     CODEN = {JDGEAS},
   MRCLASS = {58D15 (58E10 58E15)},
  MRNUMBER = {551562 (82d:58017)},
MRREVIEWER = {Y. Mut{\^o}},
       URL = {http://projecteuclid.org/getRecord?id=euclid.jdg/1214434601},
}

@article {GH09,
    AUTHOR = {Goresky, Mark and Hingston, Nancy},
     TITLE = {Loop products and closed geodesics},
   JOURNAL = {Duke Math. J.},
  FJOURNAL = {Duke Mathematical Journal},
    VOLUME = {150},
      YEAR = {2009},
    NUMBER = {1},
     PAGES = {117--209},
      ISSN = {0012-7094},
     CODEN = {DUMJAO},
   MRCLASS = {58E10 (55N45 55P50 58E05)},
  MRNUMBER = {2560110 (2010k:58021)},
MRREVIEWER = {John F. Oprea},
       DOI = {10.1215/00127094-2009-049},
       URL = {http://dx.doi.org/10.1215/00127094-2009-049},
}

@article {Gra69,
    AUTHOR = {Gray, Brayton},
     TITLE = {On the sphere of origin of infinite families in the homotopy
              groups of spheres},
   JOURNAL = {Topology},
  FJOURNAL = {Topology. An International Journal of Mathematics},
    VOLUME = {8},
      YEAR = {1969},
     PAGES = {219--232},
      ISSN = {0040-9383},
   MRCLASS = {55.45},
  MRNUMBER = {0245008},
MRREVIEWER = {C. S. Hoo},
       DOI = {10.1016/0040-9383(69)90012-3},
       URL = {http://dx.doi.org/10.1016/0040-9383(69)90012-3},
}

@book {Gr04,
    AUTHOR = {Gray, Alfred},
     TITLE = {Tubes},
    SERIES = {Progress in Mathematics},
    VOLUME = {221},
   EDITION = {Second},
      NOTE = {With a preface by Vicente Miquel},
 PUBLISHER = {Birkh\"{a}user Verlag, Basel},
      YEAR = {2004},
     PAGES = {xiv+280},
      ISBN = {3-7643-6907-8},
   MRCLASS = {53-02 (53-01 53B25 53C40)},
  MRNUMBER = {2024928},
       DOI = {10.1007/978-3-0348-7966-8},
       URL = {https://doi.org/10.1007/978-3-0348-7966-8},
}

@article {GrM69,
    AUTHOR = {Gromoll, Detlef and Meyer, Wolfgang},
     TITLE = {Periodic geodesics on compact riemannian manifolds},
   JOURNAL = {J. Differential Geometry},
  FJOURNAL = {Journal of Differential Geometry},
    VOLUME = {3},
      YEAR = {1969},
     PAGES = {493--510},
      ISSN = {0022-040X},
   MRCLASS = {53.72},
  MRNUMBER = {0264551 (41 \#9143)},
MRREVIEWER = {W. Klingenberg},
}


%============================ H ============================

@article {Haef61,
    AUTHOR = {Haefliger, Andr{\'e}},
     TITLE = {Plongements diff\'erentiables de vari\'et\'es dans
              vari\'et\'es},
   JOURNAL = {Comment. Math. Helv.},
  FJOURNAL = {Commentarii Mathematici Helvetici},
    VOLUME = {36},
      YEAR = {1961},
     PAGES = {47--82},
      ISSN = {0010-2571},
   MRCLASS = {57.20},
  MRNUMBER = {0145538 (26 \#3069)},
MRREVIEWER = {M. W. Hirsch},
}

@book {Hat02,
    AUTHOR = {Hatcher, Allen},
     TITLE = {Algebraic topology},
 PUBLISHER = {Cambridge University Press, Cambridge},
      YEAR = {2002},
     PAGES = {xii+544},
      ISBN = {0-521-79160-X; 0-521-79540-0},
   MRCLASS = {55-01 (55-00)},
  MRNUMBER = {1867354},
MRREVIEWER = {Donald W. Kahn},
}

@article {Heb83,
    AUTHOR = {Hebda, James J.},
     TITLE = {The local homology of cut loci in {R}iemannian manifolds},
   JOURNAL = {Tohoku Math. J. (2)},
  FJOURNAL = {The Tohoku Mathematical Journal. Second Series},
    VOLUME = {35},
      YEAR = {1983},
    NUMBER = {1},
     PAGES = {45--52},
      ISSN = {0040-8735},
   MRCLASS = {53C20 (57R99)},
  MRNUMBER = {695658},
MRREVIEWER = {Sheila Carter},
       DOI = {10.2748/tmj/1178229100},
       URL = {https://doi.org/10.2748/tmj/1178229100},
}

@article {Heb95,
    AUTHOR = {Hebda, James J.},
     TITLE = {Cut loci of submanifolds in space forms and in the geometries
              of {M}\"{o}bius and {L}ie},
   JOURNAL = {Geom. Dedicata},
  FJOURNAL = {Geometriae Dedicata},
    VOLUME = {55},
      YEAR = {1995},
    NUMBER = {1},
     PAGES = {75--93},
      ISSN = {0046-5755},
   MRCLASS = {53C20 (53C40)},
  MRNUMBER = {1326741},
MRREVIEWER = {Sheila Carter},
       DOI = {10.1007/BF02179087},
       URL = {https://doi.org/10.1007/BF02179087},
}

@book {Hel01,
    AUTHOR = {Helgason, Sigurdur},
     TITLE = {Differential geometry, {L}ie groups, and symmetric spaces},
    SERIES = {Graduate Studies in Mathematics},
    VOLUME = {34},
      NOTE = {Corrected reprint of the 1978 original},
 PUBLISHER = {American Mathematical Society, Providence, RI},
      YEAR = {2001},
     PAGES = {xxvi+641},
      ISBN = {0-8218-2848-7},
   MRCLASS = {53C35 (22E10 22E46 22E60)},
  MRNUMBER = {1834454},
       DOI = {10.1090/gsm/034},
       URL = {https://doi.org/10.1090/gsm/034},
}

@article {Hep10,
    AUTHOR = {Hepworth, Richard A.},
     TITLE = {String topology for {L}ie groups},
   JOURNAL = {J. Topol.},
  FJOURNAL = {Journal of Topology},
    VOLUME = {3},
      YEAR = {2010},
    NUMBER = {2},
     PAGES = {424--442},
      ISSN = {1753-8416},
   MRCLASS = {55P50 (57R19 57T10)},
  MRNUMBER = {2651366 (2011m:55009)},
MRREVIEWER = {Sadok Kallel},
       DOI = {10.1112/jtopol/jtq012},
       URL = {http://dx.doi.org/10.1112/jtopol/jtq012},
}

@book {Hig08,
    AUTHOR = {Higham, Nicholas J.},
     TITLE = {Functions of matrices},
      NOTE = {Theory and computation},
 PUBLISHER = {Society for Industrial and Applied Mathematics (SIAM),
              Philadelphia, PA},
      YEAR = {2008},
     PAGES = {xx+425},
      ISBN = {978-0-89871-646-7},
   MRCLASS = {15-02 (93B40 93C05)},
  MRNUMBER = {2396439},
MRREVIEWER = {Daniel Kressner},
       DOI = {10.1137/1.9780898717778},
       URL = {https://doi.org/10.1137/1.9780898717778},
}

@article {Hil51,
    AUTHOR = {Hilton, P. J.},
     TITLE = {Suspension theorems and the generalized {H}opf invariant},
   JOURNAL = {Proc. London Math. Soc. (3)},
  FJOURNAL = {Proceedings of the London Mathematical Society. Third Series},
    VOLUME = {1},
      YEAR = {1951},
     PAGES = {462--493},
      ISSN = {0024-6115},
   MRCLASS = {56.0X},
  MRNUMBER = {0046041 (13,674b)},
MRREVIEWER = {J. Dugundji},
}

@article {Hil55,
    AUTHOR = {Hilton, P. J.},
     TITLE = {On the homotopy groups of the union of spheres},
   JOURNAL = {J. London Math. Soc.},
  FJOURNAL = {Journal of the London Mathematical Society. Second Series},
    VOLUME = {30},
      YEAR = {1955},
     PAGES = {154--172},
      ISSN = {0024-6107},
   MRCLASS = {56.0X},
  MRNUMBER = {0068218 (16,847d)},
MRREVIEWER = {H. Uehara},
}

@article {Hin93,
    AUTHOR = {Hingston, Nancy},
     TITLE = {On the growth of the number of closed geodesics on the
              two-sphere},
   JOURNAL = {Internat. Math. Res. Notices},
  FJOURNAL = {International Mathematics Research Notices},
      YEAR = {1993},
    NUMBER = {9},
     PAGES = {253--262},
      ISSN = {1073-7928},
   MRCLASS = {58E10},
  MRNUMBER = {1240637 (94m:58044)},
MRREVIEWER = {Wolfgang Ziller},
       DOI = {10.1155/S1073792893000285},
       URL = {http://dx.doi.org/10.1155/S1073792893000285},
}

@article {Hir63,
    AUTHOR = {Hirsch, Morris W.},
     TITLE = {Obstruction theories for smoothing manifolds and maps},
   JOURNAL = {Bull. Amer. Math. Soc.},
  FJOURNAL = {Bulletin of the American Mathematical Society},
    VOLUME = {69},
      YEAR = {1963},
     PAGES = {352--356},
      ISSN = {0002-9904},
   MRCLASS = {57.10 (57.20)},
  MRNUMBER = {0149493 (26 \#6980)},
MRREVIEWER = {William Browder},
}

@book {Hir66,
    AUTHOR = {Hirzebruch, F.},
     TITLE = {Topological methods in algebraic geometry},
    SERIES = {Third enlarged edition. New appendix and translation from the
              second German edition by R. L. E. Schwarzenberger, with an
              additional section by A. Borel. Die Grundlehren der
              Mathematischen Wissenschaften, Band 131},
 PUBLISHER = {Springer-Verlag New York, Inc., New York},
      YEAR = {1966},
     PAGES = {x+232},
   MRCLASS = {14.00 (32.00)},
  MRNUMBER = {0202713 (34 \#2573)},
MRREVIEWER = {M. F. Atiyah},
}

@book {Hir76,
    AUTHOR = {Hirsch, Morris W.},
     TITLE = {Differential topology},
    SERIES = {Graduate Texts in Mathematics, No. 33},
 PUBLISHER = {Springer-Verlag, New York-Heidelberg},
      YEAR = {1976},
     PAGES = {x+221},
   MRCLASS = {57DXX (58-01)},
  MRNUMBER = {0448362},
MRREVIEWER = {Ulrich Koschorke},
}

@article {Hopf31,
    AUTHOR = {Hopf, Heinz},
     TITLE = {\"{U}ber die {A}bbildungen der dreidimensionalen {S}ph\"are
              auf die {K}ugelfl\"ache},
   JOURNAL = {Math. Ann.},
  FJOURNAL = {Mathematische Annalen},
    VOLUME = {104},
      YEAR = {1931},
    NUMBER = {1},
     PAGES = {637--665},
      ISSN = {0025-5831},
     CODEN = {MAANA},
   MRCLASS = {Contributed Item},
  MRNUMBER = {1512691},
       DOI = {10.1007/BF01457962},
       URL = {http://dx.doi.org/10.1007/BF01457962},
}

@article {HoRi31,
    AUTHOR = {Hopf, H. and Rinow, W.},
     TITLE = {Ueber den {B}egriff der vollst\"{a}ndigen
              differentialgeometrischen {F}l\"{a}che},
   JOURNAL = {Comment. Math. Helv.},
  FJOURNAL = {Commentarii Mathematici Helvetici},
    VOLUME = {3},
      YEAR = {1931},
    NUMBER = {1},
     PAGES = {209--225},
      ISSN = {0010-2571},
   MRCLASS = {DML},
  MRNUMBER = {1509435},
       DOI = {10.1007/BF01601813},
       URL = {https://doi.org/10.1007/BF01601813},
}

@book {Hu59,
    AUTHOR = {Hu, Sze-tsen},
     TITLE = {Homotopy theory},
    SERIES = {Pure and Applied Mathematics, Vol. VIII},
 PUBLISHER = {Academic Press, New York-London},
      YEAR = {1959},
     PAGES = {xiii+347},
   MRCLASS = {55.00},
  MRNUMBER = {0106454 (21 \#5186)},
MRREVIEWER = {P. J. Hilton},
}

@article {HaHi63,
    AUTHOR = {Haefliger, Andr{\'e} and Hirsch, Morris W.},
     TITLE = {On the existence and classification of differentiable
              embeddings},
   JOURNAL = {Topology},
  FJOURNAL = {Topology. An International Journal of Mathematics},
    VOLUME = {2},
      YEAR = {1963},
     PAGES = {129--135},
      ISSN = {0040-9383},
   MRCLASS = {57.20},
  MRNUMBER = {0149494 (26 \#6981)},
MRREVIEWER = {W. S. Massey},
}

@book {Hus94,
    AUTHOR = {Husemoller, Dale},
     TITLE = {Fibre bundles},
    SERIES = {Graduate Texts in Mathematics},
    VOLUME = {20},
   EDITION = {Third},
 PUBLISHER = {Springer-Verlag, New York},
      YEAR = {1994},
     PAGES = {xx+353},
      ISBN = {0-387-94087-1},
   MRCLASS = {55-01 (19Lxx 55-02 55Rxx 57R20 57R22)},
  MRNUMBER = {1249482},
MRREVIEWER = {Jo\v ze Vrabec},
       DOI = {10.1007/978-1-4757-2261-1},
       URL = {http://dx.doi.org/10.1007/978-1-4757-2261-1},
}

@inproceedings {HHR11,
    AUTHOR = {Hill, Michael A. and Hopkins, Michael J. and Ravenel, Douglas
              C.},
     TITLE = {A solution to the {A}rf-{K}ervaire invariant problem},
 BOOKTITLE = {Proceedings of the {G}\"okova {G}eometry-{T}opology
              {C}onference 2010},
     PAGES = {21--63},
 PUBLISHER = {Int. Press, Somerville, MA},
      YEAR = {2011},
   MRCLASS = {55Q10 (55N22 55P43 55Q91 55T15 57R90)},
  MRNUMBER = {2931879},
MRREVIEWER = {Paul G. Goerss},
}

@article {HMS74,
    AUTHOR = {Husemoller, Dale and Moore, John C. and Stasheff, James},
     TITLE = {Differential homological algebra and homogeneous spaces},
   JOURNAL = {J. Pure Appl. Algebra},
  FJOURNAL = {Journal of Pure and Applied Algebra},
    VOLUME = {5},
      YEAR = {1974},
     PAGES = {113--185},
      ISSN = {0022-4049},
   MRCLASS = {55H20 (18G15 57F15)},
  MRNUMBER = {0365571 (51 \#1823)},
MRREVIEWER = {Harold Hastings},
}

%============================ I ============================

@incollection {Ito84,
    AUTHOR = {Itoh, Jin-ichi},
     TITLE = {Some considerations on the cut locus of a {R}iemannian
              manifold},
 BOOKTITLE = {Geometry of geodesics and related topics ({T}okyo, 1982)},
    SERIES = {Adv. Stud. Pure Math.},
    VOLUME = {3},
     PAGES = {29--46},
 PUBLISHER = {North-Holland, Amsterdam},
      YEAR = {1984},
   MRCLASS = {53C20 (57R99)},
  MRNUMBER = {758646},
MRREVIEWER = {James J. Hebda},
       DOI = {10.2969/aspm/00310029},
       URL = {https://doi.org/10.2969/aspm/00310029},
}

@article {ItSa16,
    AUTHOR = {Itoh, Jin-ichi and Sabau, Sorin V.},
     TITLE = {Riemannian and {F}inslerian spheres with fractal cut loci},
   JOURNAL = {Differential Geom. Appl.},
  FJOURNAL = {Differential Geometry and its Applications},
    VOLUME = {49},
      YEAR = {2016},
     PAGES = {43--64},
      ISSN = {0926-2245},
   MRCLASS = {53C22 (53B40)},
  MRNUMBER = {3573823},
MRREVIEWER = {Liviu Octavian Popescu},
       DOI = {10.1016/j.difgeo.2016.07.004},
       URL = {https://doi.org/10.1016/j.difgeo.2016.07.004},
}

@online{ItVi11,
Author = {Itoh, Jin-ichi and V{\^i}lcu, Costin},
Title = {Orientable cut locus structures on graphs},
Year = {2011},
note    = "available at \url{https://arxiv.org/abs/1103.3136}",
}

@article {ItVi12,
    AUTHOR = {Itoh, Jin-ichi and V{\^i}lcu, Costin},
     TITLE = {Cut locus structures on graphs},
   JOURNAL = {Discrete Math.},
  FJOURNAL = {Discrete Mathematics},
    VOLUME = {312},
      YEAR = {2012},
    NUMBER = {3},
     PAGES = {524--531},
      ISSN = {0012-365X},
   MRCLASS = {05C10},
  MRNUMBER = {2854795},
       DOI = {10.1016/j.disc.2011.03.021},
       URL = {https://doi.org/10.1016/j.disc.2011.03.021},
}

@article {ItVi15,
    AUTHOR = {Itoh, Jin-ichi and V{\^i}lcu, Costin},
     TITLE = {Every graph is a cut locus},
   JOURNAL = {J. Math. Soc. Japan},
  FJOURNAL = {Journal of the Mathematical Society of Japan},
    VOLUME = {67},
      YEAR = {2015},
    NUMBER = {3},
     PAGES = {1227--1238},
      ISSN = {0025-5645},
   MRCLASS = {53C22 (05C40 05C62)},
  MRNUMBER = {3376586},
MRREVIEWER = {Jianming Wan},
       DOI = {10.2969/jmsj/06731227},
       URL = {https://doi.org/10.2969/jmsj/06731227},
}

@article {ItKi04,
    AUTHOR = {Itoh, Jin-ichi and Kiyohara, Kazuyoshi},
     TITLE = {The cut loci and the conjugate loci on ellipsoids},
   JOURNAL = {Manuscripta Math.},
  FJOURNAL = {Manuscripta Mathematica},
    VOLUME = {114},
      YEAR = {2004},
    NUMBER = {2},
     PAGES = {247--264},
      ISSN = {0025-2611},
   MRCLASS = {53C22 (53C20)},
  MRNUMBER = {2067796},
MRREVIEWER = {Minoru Tanaka},
       DOI = {10.1007/s00229-004-0455-z},
       URL = {https://doi.org/10.1007/s00229-004-0455-z},
}

@book {ICTP9,
     TITLE = {Topology of high-dimensional manifolds. {N}o. 1, 2},
    SERIES = {ICTP Lecture Notes},
    VOLUME = {9},
    EDITOR = {Farrell, F. Thomas and G{\"o}ttsche, Lothar and L{\"u}ck,
              Wolfgang},
      NOTE = {Papers from the School on High-Dimensional Manifold Topology
              held in Trieste, May 21--June 8, 2001,
              Available electronically at
              \url{http://www.ictp.trieste.it/~pub_off/lectures/vol9.html}},
 PUBLISHER = {Abdus Salam International Centre for Theoretical Physics,
              Trieste},
      YEAR = {2002},
     PAGES = {No. 1: viii+369 pp.; No. 2: pp. i--ii and 371--709},
      ISBN = {92-95003-12-8},
   MRCLASS = {57-06},
  MRNUMBER = {1937015 (2003i:57001)},
}

%============================ J ============================

@book {Jac80,
    AUTHOR = {Jaco, William},
     TITLE = {Lectures on three-manifold topology},
    SERIES = {CBMS Regional Conference Series in Mathematics},
    VOLUME = {43},
 PUBLISHER = {American Mathematical Society},
   ADDRESS = {Providence, R.I.},
      YEAR = {1980},
     PAGES = {xii+251},
      ISBN = {0-8218-1693-4},
   MRCLASS = {57N10},
  MRNUMBER = {565450 (81k:57009)},
MRREVIEWER = {G. Peter Scott},
}

@article {Jam54,
    AUTHOR = {James, I. M.},
     TITLE = {On the homotopy groups of certain pairs and triads},
   JOURNAL = {Quart. J. Math., Oxford Ser. (2)},
  FJOURNAL = {The Quarterly Journal of Mathematics. Oxford. Second Series},
    VOLUME = {5},
      YEAR = {1954},
     PAGES = {260--270},
      ISSN = {0033-5606},
   MRCLASS = {56.0X},
  MRNUMBER = {0068837 (16,948e)},
MRREVIEWER = {H. Cartan},
}

@article {Jam55,
    AUTHOR = {James, I. M.},
     TITLE = {Reduced product spaces},
   JOURNAL = {Ann. of Math. (2)},
  FJOURNAL = {Annals of Mathematics. Second Series},
    VOLUME = {62},
      YEAR = {1955},
     PAGES = {170--197},
      ISSN = {0003-486X},
   MRCLASS = {55.0X},
  MRNUMBER = {0073181 (17,396b)},
MRREVIEWER = {J. C. Moore},
}

@article {Jam56,
    AUTHOR = {James, I. M.},
     TITLE = {The suspension triad of a sphere},
   JOURNAL = {Ann. of Math. (2)},
  FJOURNAL = {Annals of Mathematics. Second Series},
    VOLUME = {63},
      YEAR = {1956},
     PAGES = {407--429},
      ISSN = {0003-486X},
   MRCLASS = {55.0X},
  MRNUMBER = {0079263 (18,58f)},
MRREVIEWER = {J. C. Moore},
}

@article {Jam57,
    AUTHOR = {James, I. M.},
     TITLE = {Multiplication on spheres. {II}},
   JOURNAL = {Trans. Amer. Math. Soc.},
  FJOURNAL = {Transactions of the American Mathematical Society},
    VOLUME = {84},
      YEAR = {1957},
     PAGES = {545--558},
      ISSN = {0002-9947},
   MRCLASS = {55.0X},
  MRNUMBER = {0090812 (19,875e)},
MRREVIEWER = {R. Bott},
}

@article {Jam57Ann,
    AUTHOR = {James, I. M.},
     TITLE = {On the suspension sequence},
   JOURNAL = {Ann. of Math. (2)},
  FJOURNAL = {Annals of Mathematics. Second Series},
    VOLUME = {65},
      YEAR = {1957},
     PAGES = {74--107},
      ISSN = {0003-486X},
   MRCLASS = {55.0X},
  MRNUMBER = {0083124 (18,662e)},
MRREVIEWER = {P. J. Hilton},
}

@book {Jam76,
    AUTHOR = {James, I. M.},
     TITLE = {The topology of {S}tiefel manifolds},
      NOTE = {London Mathematical Society Lecture Note Series, No. 24},
 PUBLISHER = {Cambridge University Press, Cambridge-New York-Melbourne},
      YEAR = {1976},
     PAGES = {viii+168},
   MRCLASS = {57F20 (55F05)},
  MRNUMBER = {0431239},
MRREVIEWER = {David Handel},
}

@article {Jon78,
    AUTHOR = {Jones, John D. S.},
     TITLE = {The {K}ervaire invariant of extended power manifolds},
   JOURNAL = {Topology},
  FJOURNAL = {Topology. An International Journal of Mathematics},
    VOLUME = {17},
      YEAR = {1978},
    NUMBER = {3},
     PAGES = {249--266},
      ISSN = {0040-9383},
     CODEN = {TPLGAF},
   MRCLASS = {55Q40},
  MRNUMBER = {508888 (80g:55026)},
MRREVIEWER = {Stanley Kochman},
       DOI = {10.1016/0040-9383(78)90029-0},
       URL = {http://dx.doi.org/10.1016/0040-9383(78)90029-0},
}

@article {JHCW41,
    AUTHOR = {Whitehead, J. H. C.},
     TITLE = {On adding relations to homotopy groups},
   JOURNAL = {Ann. of Math. (2)},
  FJOURNAL = {Annals of Mathematics. Second Series},
    VOLUME = {42},
      YEAR = {1941},
     PAGES = {409--428},
      ISSN = {0003-486X},
   MRCLASS = {56.0X},
  MRNUMBER = {0004123 (2,323c)},
MRREVIEWER = {R. H. Fox},
}

@article {JHCW49A,
    AUTHOR = {Whitehead, J. H. C.},
     TITLE = {Combinatorial homotopy. {I}},
   JOURNAL = {Bull. Amer. Math. Soc.},
  FJOURNAL = {Bulletin of the American Mathematical Society},
    VOLUME = {55},
      YEAR = {1949},
     PAGES = {213--245},
      ISSN = {0002-9904},
   MRCLASS = {56.0X},
  MRNUMBER = {0030759 (11,48b)},
MRREVIEWER = {H. Samelson},
}

@article {JHCW49B,
    AUTHOR = {Whitehead, J. H. C.},
     TITLE = {Combinatorial homotopy. {II}},
   JOURNAL = {Bull. Amer. Math. Soc.},
  FJOURNAL = {Bulletin of the American Mathematical Society},
    VOLUME = {55},
      YEAR = {1949},
     PAGES = {453--496},
      ISSN = {0002-9904},
   MRCLASS = {56.0X},
  MRNUMBER = {0030760 (11,48c)},
MRREVIEWER = {H. Samelson},
}

@incollection {JR78Proc,
    AUTHOR = {Jones, John and Rees, Elmer},
     TITLE = {Kervaire's invariant for framed manifolds},
 BOOKTITLE = {Algebraic and geometric topology ({P}roc. {S}ympos. {P}ure
              {M}ath., {S}tanford {U}niv., {S}tanford, {C}alif., 1976),
              {P}art 1},
    SERIES = {Proc. Sympos. Pure Math., XXXII},
     PAGES = {141--147},
 PUBLISHER = {Amer. Math. Soc., Providence, R.I.},
      YEAR = {1978},
   MRCLASS = {57R65},
  MRNUMBER = {520501 (80g:57048)},
MRREVIEWER = {P. J. Kahn},
}

%============================ K ============================

@article {Kaz,
    AUTHOR = {Kazarian, M. {\`E}.},
     TITLE = {Multisingularities, cobordisms, and enumerative geometry},
   JOURNAL = {Uspekhi Mat. Nauk},
  FJOURNAL = {Rossi\u\i skaya Akademiya Nauk. Moskovskoe Matematicheskoe
              Obshchestvo. Uspekhi Matematicheskikh Nauk},
    VOLUME = {58},
      YEAR = {2003},
    NUMBER = {4(352)},
     PAGES = {29--88},
      ISSN = {0042-1316},
   MRCLASS = {58K65 (32S20 57R20 57R45 58K30)},
  MRNUMBER = {2042262 (2005d:58070)},
MRREVIEWER = {V. D. Sedykh},
       DOI = {10.1070/RM2003v058n04ABEH000642},
       URL = {http://dx.doi.org/10.1070/RM2003v058n04ABEH000642},
}

@article {Ker06,
    AUTHOR = {Kerner, D.},
     TITLE = {Enumeration of singular algebraic curves},
   JOURNAL = {Israel J. Math.},
  FJOURNAL = {Israel Journal of Mathematics},
    VOLUME = {155},
      YEAR = {2006},
     PAGES = {1--56},
      ISSN = {0021-2172},
     CODEN = {ISJMAP},
   MRCLASS = {14N10 (14C17 14H20 14H50 14M15)},
  MRNUMBER = {2269422 (2007m:14079)},
MRREVIEWER = {Ragni Piene},
       DOI = {10.1007/BF02773947},
       URL = {http://dx.doi.org/10.1007/BF02773947},
}

@article {Ker10,
    AUTHOR = {Kerner, Dmitry},
     TITLE = {On the enumeration of complex plane curves with two singular
              points},
   JOURNAL = {Int. Math. Res. Not. IMRN},
  FJOURNAL = {International Mathematics Research Notices. IMRN},
      YEAR = {2010},
    NUMBER = {23},
     PAGES = {4498--4543},
      ISSN = {1073-7928},
   MRCLASS = {14N10 (14H20 14H50)},
  MRNUMBER = {2739803 (2011j:14118)},
MRREVIEWER = {Ali Sinan Sert{\"o}z},
       DOI = {10.1093/imrn/rnq057},
       URL = {http://dx.doi.org/10.1093/imrn/rnq057},
}

@incollection {Ker08,
    AUTHOR = {Kerner, Dmitry},
     TITLE = {On the collisions of singular points of complex algebraic
              plane curves},
 BOOKTITLE = {Singularities {II}},
    SERIES = {Contemp. Math.},
    VOLUME = {475},
     PAGES = {89--110},
 PUBLISHER = {Amer. Math. Soc.},
   ADDRESS = {Providence, RI},
      YEAR = {2008},
   MRCLASS = {14H20 (14B05 14B07 14C05 14H50 14Q05)},
  MRNUMBER = {2454362 (2009m:14041)},
MRREVIEWER = {Ragni Piene},
       DOI = {10.1090/conm/475/09278},
       URL = {http://dx.doi.org/10.1090/conm/475/09278},
}

@article {Kli59,
    AUTHOR = {Klingenberg, W.},
     TITLE = {Contributions to {R}iemannian geometry in the large},
   JOURNAL = {Ann. of Math. (2)},
  FJOURNAL = {Annals of Mathematics. Second Series},
    VOLUME = {69},
      YEAR = {1959},
     PAGES = {654--666},
      ISSN = {0003-486X},
   MRCLASS = {53.00},
  MRNUMBER = {105709},
MRREVIEWER = {L. W. Green},
       DOI = {10.2307/1970029},
       URL = {https://doi.org/10.2307/1970029},
}

@incollection {KoMa97,
    AUTHOR = {Kontsevich, M. and Manin, Yu.},
     TITLE = {Gromov-{W}itten classes, quantum cohomology, and enumerative
              geometry [ {MR}1291244 (95i:14049)]},
 BOOKTITLE = {Mirror symmetry, {II}},
    SERIES = {AMS/IP Stud. Adv. Math.},
    VOLUME = {1},
     PAGES = {607--653},
 PUBLISHER = {Amer. Math. Soc.},
   ADDRESS = {Providence, RI},
      YEAR = {1997},
   MRCLASS = {14N10 (53C15 58A10 58F05)},
  MRNUMBER = {1416351},
}

@article {Kor15,
    AUTHOR = {Korba\v{s}, J\'{u}lius},
     TITLE = {The characteristic rank and cup-length in oriented {G}rassmann
              manifolds},
   JOURNAL = {Osaka J. Math.},
  FJOURNAL = {Osaka Journal of Mathematics},
    VOLUME = {52},
      YEAR = {2015},
    NUMBER = {4},
     PAGES = {1163--1172},
      ISSN = {0030-6126},
   MRCLASS = {57R20 (55R25)},
  MRNUMBER = {3426634},
MRREVIEWER = {Donald M. Davis},
       URL = {http://projecteuclid.org/euclid.ojm/1447856038},
}

@article {KorNT12,
    AUTHOR = {Korba\v{s}, J\'{u}lius and Naolekar, Aniruddha C. and Thakur, Ajay
              Singh},
     TITLE = {Characteristic rank of vector bundles over {S}tiefel
              manifolds},
   JOURNAL = {Arch. Math. (Basel)},
  FJOURNAL = {Archiv der Mathematik},
    VOLUME = {99},
      YEAR = {2012},
    NUMBER = {6},
     PAGES = {577--581},
      ISSN = {0003-889X},
   MRCLASS = {57R20 (57T10)},
  MRNUMBER = {3001561},
MRREVIEWER = {Amiya Mukherjee},
       DOI = {10.1007/s00013-012-0454-3},
       URL = {http://dx.doi.org/10.1007/s00013-012-0454-3},
}

@article {KorRu16a,
    AUTHOR = {Korba\v{s}, J\'{u}lius and Rusin, Tom\'{a}\v{s}},
     TITLE = {A note on the {$\Bbb Z_2$}-cohomology algebra of oriented
              {G}rassmann manifolds},
   JOURNAL = {Rend. Circ. Mat. Palermo (2)},
  FJOURNAL = {Rendiconti del Circolo Matematico di Palermo. Second Series},
    VOLUME = {65},
      YEAR = {2016},
    NUMBER = {3},
     PAGES = {507--517},
      ISSN = {0009-725X},
   MRCLASS = {57T15 (55R25 55S05 57R20)},
  MRNUMBER = {3571326},
MRREVIEWER = {J. M. Boardman},
       DOI = {10.1007/s12215-016-0249-7},
       URL = {http://dx.doi.org/10.1007/s12215-016-0249-7},
}

@article {KorRu16b,
    AUTHOR = {Korba\v{s}, J\'{u}lius and Rusin, Tom\'{a}\v{s}},
     TITLE = {On the cohomology of oriented {G}rassmann manifolds},
   JOURNAL = {Homology Homotopy Appl.},
  FJOURNAL = {Homology, Homotopy and Applications},
    VOLUME = {18},
      YEAR = {2016},
    NUMBER = {2},
     PAGES = {71--84},
      ISSN = {1532-0073},
   MRCLASS = {57R20 (55N45)},
  MRNUMBER = {3518983},
MRREVIEWER = {Markus Upmeier},
       DOI = {10.4310/HHA.2016.v18.n2.a4},
       URL = {http://dx.doi.org/10.4310/HHA.2016.v18.n2.a4},
}

@article {Kor10,
    AUTHOR = {Korba\v{s}, J\'{u}lius},
     TITLE = {The cup-length of the oriented {G}rassmannians vs a new bound
              for zero-cobordant manifolds},
   JOURNAL = {Bull. Belg. Math. Soc. Simon Stevin},
  FJOURNAL = {Bulletin of the Belgian Mathematical Society. Simon Stevin},
    VOLUME = {17},
      YEAR = {2010},
    NUMBER = {1},
     PAGES = {69--81},
      ISSN = {1370-1444},
   MRCLASS = {57R19 (55M30 57R20 57T15)},
  MRNUMBER = {2656672},
       URL = {http://projecteuclid.org/euclid.bbms/1267798499},
}

@article {Ker59,
    AUTHOR = {Kervaire, Michel A.},
     TITLE = {An interpretation of {G}. {W}hitehead's generalization of {H}.
              {H}opf's invariant},
   JOURNAL = {Ann. of Math. (2)},
  FJOURNAL = {Annals of Mathematics. Second Series},
    VOLUME = {69},
      YEAR = {1959},
     PAGES = {345--365},
      ISSN = {0003-486X},
   MRCLASS = {55.00},
  MRNUMBER = {0102809 (21 \#1595)},
MRREVIEWER = {E. H. Brown},
}

@article {Ker60,
    AUTHOR = {Kervaire, Michel A.},
     TITLE = {A manifold which does not admit any differentiable structure},
   JOURNAL = {Comment. Math. Helv.},
  FJOURNAL = {Commentarii Mathematici Helvetici},
    VOLUME = {34},
      YEAR = {1960},
     PAGES = {257--270},
      ISSN = {0010-2571},
   MRCLASS = {57.10},
  MRNUMBER = {0139172 (25 \#2608)},
MRREVIEWER = {R. Bott},
}

@article {Kli76,
    AUTHOR = {Klingenberg, Wilhelm},
     TITLE = {Existence of infinitely many closed geodesics},
   JOURNAL = {J. Differential Geometry},
  FJOURNAL = {Journal of Differential Geometry},
    VOLUME = {11},
      YEAR = {1976},
    NUMBER = {2},
     PAGES = {299--308},
      ISSN = {0022-040X},
   MRCLASS = {58E10 (53C20)},
  MRNUMBER = {0418153 (54 \#6195)},
MRREVIEWER = {Jill P. Mesirov},
}

@book {Kli78,
    AUTHOR = {Klingenberg, Wilhelm},
     TITLE = {Lectures on closed geodesics},
      NOTE = {Grundlehren der Mathematischen Wissenschaften, Vol. 230},
 PUBLISHER = {Springer-Verlag},
   ADDRESS = {Berlin},
      YEAR = {1978},
     PAGES = {x+227},
      ISBN = {3-540-08393-6},
   MRCLASS = {53C20 (58E10)},
  MRNUMBER = {0478069 (57 \#17563)},
MRREVIEWER = {Y. Muto},
}

@article {KaRH10,
    AUTHOR = {Katok, Anatole and Rodriguez Hertz, Federico},
     TITLE = {Rigidity of real-analytic actions of {${\rm SL}(n,\Bbb Z)$} on
              {$\Bbb T^n$}: a case of realization of {Z}immer program},
   JOURNAL = {Discrete Contin. Dyn. Syst.},
  FJOURNAL = {Discrete and Continuous Dynamical Systems. Series A},
    VOLUME = {27},
      YEAR = {2010},
    NUMBER = {2},
     PAGES = {609--615},
      ISSN = {1078-0947},
   MRCLASS = {37C85 (22F05 37C15)},
  MRNUMBER = {2600682 (2011g:37063)},
MRREVIEWER = {Raul Quiroga-Barranco},
       DOI = {10.3934/dcds.2010.27.609},
       URL = {http://dx.doi.org/10.3934/dcds.2010.27.609},
}

@article {KuWo80,
    AUTHOR = {Kulkarni, Ravindra S. and Wood, John W.},
     TITLE = {Topology of nonsingular complex hypersurfaces},
   JOURNAL = {Adv. in Math.},
  FJOURNAL = {Advances in Mathematics},
    VOLUME = {35},
      YEAR = {1980},
    NUMBER = {3},
     PAGES = {239--263},
      ISSN = {0001-8708},
   MRCLASS = {57N15 (14J99 32C10)},
  MRNUMBER = {563926},
MRREVIEWER = {R. Mandelbaum},
       DOI = {10.1016/0001-8708(80)90051-1},
       URL = {https://doi.org/10.1016/0001-8708(80)90051-1},
}

@article {KM63,
    AUTHOR = {Kervaire, Michel A. and Milnor, John W.},
     TITLE = {Groups of homotopy spheres. {I}},
   JOURNAL = {Ann. of Math. (2)},
  FJOURNAL = {Annals of Mathematics. Second Series},
    VOLUME = {77},
      YEAR = {1963},
     PAGES = {504--537},
      ISSN = {0003-486X},
   MRCLASS = {57.10},
  MRNUMBER = {0148075 (26 \#5584)},
MRREVIEWER = {J. F. Adams},
}

@incollection {KP99,
    AUTHOR = {Kleiman, Steven and Piene, Ragni},
     TITLE = {Enumerating singular curves on surfaces},
 BOOKTITLE = {Algebraic geometry: {H}irzebruch 70 ({W}arsaw, 1998)},
    SERIES = {Contemp. Math.},
    VOLUME = {241},
     PAGES = {209--238},
 PUBLISHER = {Amer. Math. Soc.},
   ADDRESS = {Providence, RI},
      YEAR = {1999},
   MRCLASS = {14N10 (14C20 14H20)},
  MRNUMBER = {1718146 (2001c:14079)},
MRREVIEWER = {Anders H. Berg},
       DOI = {10.1090/conm/241/03637},
       URL = {http://dx.doi.org/10.1090/conm/241/03637},
}

@book {KiSi77,
    AUTHOR = {Kirby, Robion C. and Siebenmann, Laurence C.},
     TITLE = {Foundational essays on topological manifolds, smoothings, and
              triangulations},
      NOTE = {With notes by John Milnor and Michael Atiyah,
              Annals of Mathematics Studies, No. 88},
 PUBLISHER = {Princeton University Press},
   ADDRESS = {Princeton, N.J.},
      YEAR = {1977},
     PAGES = {vii+355},
   MRCLASS = {57-02 (57AXX)},
  MRNUMBER = {0645390 (58 \#31082)},
MRREVIEWER = {Ronald J. Stern},
}

@incollection {Kob67,
    AUTHOR = {Kobayashi, Shoshichi},
     TITLE = {On conjugate and cut loci},
 BOOKTITLE = {Studies in {G}lobal {G}eometry and {A}nalysis},
     PAGES = {96--122},
 PUBLISHER = {Math. Assoc. Amer. (distributed by Prentice-Hall, Englewood
              Cliffs, N.J.)},
      YEAR = {1967},
   MRCLASS = {53.72},
  MRNUMBER = {0212737},
MRREVIEWER = {R. L. Bishop},
}

@book {KuKum14,
    AUTHOR = {Kumar, Ajit and Kumaresan, S.},
     TITLE = {A basic course in real analysis},
 PUBLISHER = {CRC Press, Boca Raton, FL},
      YEAR = {2014},
     PAGES = {xx+302},
      ISBN = {978-1-4822-1637-0},
   MRCLASS = {26-01 (26Axx)},
  MRNUMBER = {3184743},
}

@article {KuSh16,
    AUTHOR = {Kupferman, Raz and Shachar, Asaf},
     TITLE = {On strain measures and the geodesic distance to {${\rm SO}_n$}
              in the general linear group},
   JOURNAL = {J. Geom. Mech.},
  FJOURNAL = {Journal of Geometric Mechanics},
    VOLUME = {8},
      YEAR = {2016},
    NUMBER = {4},
     PAGES = {437--460},
      ISSN = {1941-4889},
   MRCLASS = {53Z05 (22E15)},
  MRNUMBER = {3581209},
MRREVIEWER = {Zi-Xin Hou},
       DOI = {10.3934/jgm.2016015},
       URL = {https://doi.org/10.3934/jgm.2016015},
}

@article {KST11,
    AUTHOR = {Kool, Martijn and Shende, Vivek and Thomas, Richard P.},
     TITLE = {A short proof of the {G}\"ottsche conjecture},
   JOURNAL = {Geom. Topol.},
  FJOURNAL = {Geometry \& Topology},
    VOLUME = {15},
      YEAR = {2011},
    NUMBER = {1},
     PAGES = {397--406},
      ISSN = {1465-3060},
   MRCLASS = {14N10 (14C05 14C20)},
  MRNUMBER = {2776848 (2012c:14113)},
MRREVIEWER = {Cristina Mart{\'{\i}}nez},
       DOI = {10.2140/gt.2011.15.397},
       URL = {http://dx.doi.org/10.2140/gt.2011.15.397},
}

%============================ L ============================

@article {Lai74,
    AUTHOR = {Lai, Hon Fei},
     TITLE = {On the topology of the even-dimensional complex quadrics},
   JOURNAL = {Proc. Amer. Math. Soc.},
  FJOURNAL = {Proceedings of the American Mathematical Society},
    VOLUME = {46},
      YEAR = {1974},
     PAGES = {419--425},
      ISSN = {0002-9939},
   MRCLASS = {57F15},
  MRNUMBER = {0358846},
MRREVIEWER = {F. Hirzebruch},
       DOI = {10.2307/2039940},
       URL = {http://dx.doi.org/10.2307/2039940},
}

@article {Lam01,
    AUTHOR = {Lambrechts, Pascal},
     TITLE = {The {B}etti numbers of the free loop space of a connected sum},
   JOURNAL = {J. London Math. Soc. (2)},
  FJOURNAL = {Journal of the London Mathematical Society. Second Series},
    VOLUME = {64},
      YEAR = {2001},
    NUMBER = {1},
     PAGES = {205--228},
      ISSN = {0024-6107},
     CODEN = {JLMSAK},
   MRCLASS = {55P35 (53C22 55P62)},
  MRNUMBER = {1840780 (2002f:55022)},
MRREVIEWER = {Elmer G. Rees},
       DOI = {10.1017/S0024610701002198},
       URL = {http://dx.doi.org/10.1017/S0024610701002198},
}

@article {Lam01b,
    AUTHOR = {Lambrechts, Pascal},
     TITLE = {On the {B}etti numbers of the free loop space of a coformal
              space},
   JOURNAL = {J. Pure Appl. Algebra},
  FJOURNAL = {Journal of Pure and Applied Algebra},
    VOLUME = {161},
      YEAR = {2001},
    NUMBER = {1-2},
     PAGES = {177--192},
      ISSN = {0022-4049},
     CODEN = {JPAAA2},
   MRCLASS = {55P62 (16E40 17B56 53C22 55P35)},
  MRNUMBER = {1834084 (2002d:55015)},
MRREVIEWER = {Kathryn P. Hess},
       DOI = {10.1016/S0022-4049(00)00098-0},
       URL = {http://dx.doi.org/10.1016/S0022-4049(00)00098-0},
}

@book {Lang99,
    AUTHOR = {Lang, Serge},
     TITLE = {Fundamentals of differential geometry},
    SERIES = {Graduate Texts in Mathematics},
    VOLUME = {191},
 PUBLISHER = {Springer-Verlag, New York},
      YEAR = {1999},
     PAGES = {xviii+535},
      ISBN = {0-387-98593-X},
   MRCLASS = {53-01 (58-01)},
  MRNUMBER = {1666820},
MRREVIEWER = {Man Chun Leung},
       DOI = {10.1007/978-1-4612-0541-8},
       URL = {https://doi.org/10.1007/978-1-4612-0541-8},
}

@article {Laz54,
    AUTHOR = {Lazard, M.},
     TITLE = {Sur les alg\`ebres enveloppantes universelles de certaines
              alg\`ebres de {L}ie},
   JOURNAL = {Publ. Sci. Univ. Alger. S\'er. A.},
    VOLUME = {1},
      YEAR = {1954},
     PAGES = {281--294 (1955)},
   MRCLASS = {17.0X},
  MRNUMBER = {0074781 (17,645c)},
MRREVIEWER = {G. P. Hochschild},
}

@book {Lee13,
    AUTHOR = {Lee, John M.},
     TITLE = {Introduction to smooth manifolds},
    SERIES = {Graduate Texts in Mathematics},
    VOLUME = {218},
   EDITION = {Second},
 PUBLISHER = {Springer, New York},
      YEAR = {2013},
     PAGES = {xvi+708},
      ISBN = {978-1-4419-9981-8},
   MRCLASS = {58-01 (53-01 57-01)},
  MRNUMBER = {2954043},
}

@article {Lev95,
    AUTHOR = {Levitt, Norman},
     TITLE = {Spaces of arcs and configuration spaces of manifolds},
   JOURNAL = {Topology},
  FJOURNAL = {Topology. An International Journal of Mathematics},
    VOLUME = {34},
      YEAR = {1995},
    NUMBER = {1},
     PAGES = {217--230},
      ISSN = {0040-9383},
     CODEN = {TPLGAF},
   MRCLASS = {55P15 (55R99 57R99)},
  MRNUMBER = {1308497 (95k:55015)},
MRREVIEWER = {John F. Oprea},
       DOI = {10.1016/0040-9383(94)E0012-9},
       URL = {http://dx.doi.org/10.1016/0040-9383(94)E0012-9},
}

@article {LiNi05,
    AUTHOR = {Li, Yanyan and Nirenberg, Louis},
     TITLE = {The distance function to the boundary, {F}insler geometry, and
              the singular set of viscosity solutions of some
              {H}amilton-{J}acobi equations},
   JOURNAL = {Comm. Pure Appl. Math.},
  FJOURNAL = {Communications on Pure and Applied Mathematics},
    VOLUME = {58},
      YEAR = {2005},
    NUMBER = {1},
     PAGES = {85--146},
      ISSN = {0010-3640},
   MRCLASS = {35F20 (53C60)},
  MRNUMBER = {2094267},
MRREVIEWER = {Jie Yang},
       DOI = {10.1002/cpa.20051},
       URL = {https://doi.org/10.1002/cpa.20051},
}

@book {Loth97,
    AUTHOR = {Lothaire, M.},
     TITLE = {Combinatorics on words},
    SERIES = {Cambridge Mathematical Library},
      NOTE = {With a foreword by Roger Lyndon and a preface by Dominique
              Perrin,
              Corrected reprint of the 1983 original, with a new preface by
              Perrin},
 PUBLISHER = {Cambridge University Press, Cambridge},
      YEAR = {1997},
     PAGES = {xviii+238},
      ISBN = {0-521-59924-5},
   MRCLASS = {68R15 (03D03 03D40 05A99 20M05)},
  MRNUMBER = {1475463 (98g:68134)},
       DOI = {10.1017/CBO9780511566097},
       URL = {http://dx.doi.org/10.1017/CBO9780511566097},
}

@article {Lu1878,
    AUTHOR = {Lucas, Edouard},
     TITLE = {Theorie des {F}onctions {N}umeriques {S}implement
              {P}eriodiques},
   JOURNAL = {Amer. J. Math.},
  FJOURNAL = {American Journal of Mathematics},
    VOLUME = {1},
      YEAR = {1878},
    NUMBER = {4},
     PAGES = {289--321},
      ISSN = {0002-9327},
   MRCLASS = {DML},
  MRNUMBER = {1505176},
       URL = {https://doi.org/10.2307/2369373},
}

@incollection {Lur09,
    AUTHOR = {Lurie, Jacob},
     TITLE = {On the classification of topological field theories},
 BOOKTITLE = {Current developments in mathematics, 2008},
     PAGES = {129--280},
 PUBLISHER = {Int. Press, Somerville, MA},
      YEAR = {2009},
   MRCLASS = {57R56 (18D10 18G30 57R15 57R75)},
  MRNUMBER = {2555928 (2010k:57064)},
MRREVIEWER = {Julia Bergner},
}

@article {LaRam95,
    AUTHOR = {Lalonde, Pierre and Ram, Arun},
     TITLE = {Standard {L}yndon bases of {L}ie algebras and enveloping
              algebras},
   JOURNAL = {Trans. Amer. Math. Soc.},
  FJOURNAL = {Transactions of the American Mathematical Society},
    VOLUME = {347},
      YEAR = {1995},
    NUMBER = {5},
     PAGES = {1821--1830},
      ISSN = {0002-9947},
     CODEN = {TAMTAM},
   MRCLASS = {17B35 (16S30 17B01)},
  MRNUMBER = {1273505 (95h:17013)},
MRREVIEWER = {Hartmut Laue},
       DOI = {10.2307/2154977},
       URL = {http://dx.doi.org/10.2307/2154977},
}

@article {LoSa05,
    AUTHOR = {Longoni, Riccardo and Salvatore, Paolo},
     TITLE = {Configuration spaces are not homotopy invariant},
   JOURNAL = {Topology},
  FJOURNAL = {Topology. An International Journal of Mathematics},
    VOLUME = {44},
      YEAR = {2005},
    NUMBER = {2},
     PAGES = {375--380},
      ISSN = {0040-9383},
     CODEN = {TPLGAF},
   MRCLASS = {55R80 (55S30)},
  MRNUMBER = {2114713 (2005k:55024)},
MRREVIEWER = {Pascal Lambrechts},
       DOI = {10.1016/j.top.2004.11.002},
       URL = {http://dx.doi.org/10.1016/j.top.2004.11.002},
}

@book {LoVa12,
    AUTHOR = {Loday, Jean-Louis and Vallette, Bruno},
     TITLE = {Algebraic operads},
    SERIES = {Grundlehren der Mathematischen Wissenschaften [Fundamental
              Principles of Mathematical Sciences]},
    VOLUME = {346},
 PUBLISHER = {Springer},
   ADDRESS = {Heidelberg},
      YEAR = {2012},
     PAGES = {xxiv+634},
      ISBN = {978-3-642-30361-6},
   MRCLASS = {18D50 (16E99)},
  MRNUMBER = {2954392},
MRREVIEWER = {Andrey Yu. Lazarev},
       DOI = {10.1007/978-3-642-30362-3},
       URL = {http://dx.doi.org/10.1007/978-3-642-30362-3},
}

@article {LuSa02,
    AUTHOR = {Lucas, La{\'e}rcio Aparecido and Saeki, Osamu},
     TITLE = {Diffeomorphisms of a product of spheres and embedded spheres},
   JOURNAL = {Topology Appl.},
  FJOURNAL = {Topology and its Applications},
    VOLUME = {123},
      YEAR = {2002},
    NUMBER = {3},
     PAGES = {471--478},
      ISSN = {0166-8641},
     CODEN = {TIAPD9},
   MRCLASS = {57R50 (57R40)},
  MRNUMBER = {1924046 (2003f:57060)},
MRREVIEWER = {Terry Lawson},
       DOI = {10.1016/S0166-8641(01)00213-9},
       URL = {http://dx.doi.org/10.1016/S0166-8641(01)00213-9},
}

@article {LyF51,
    AUTHOR = {Lyusternik, L. A. and Fet, A. I.},
     TITLE = {Variational problems on closed manifolds},
   JOURNAL = {Doklady Akad. Nauk SSSR (N.S.)},
    VOLUME = {81},
      YEAR = {1951},
     PAGES = {17--18},
   MRCLASS = {49.0X},
  MRNUMBER = {0044760 (13,474c)},
MRREVIEWER = {L. C. Young},
}

@book {LMS227,
     TITLE = {Novikov conjectures, index theorems and rigidity. {V}ol. 2},
    SERIES = {London Mathematical Society Lecture Note Series},
    VOLUME = {227},
    EDITOR = {Ferry, Steven C. and Ranicki, Andrew and Rosenberg, Jonathan},
      NOTE = {Including papers from the conference held at the
              Mathematisches Forschungsinstitut Oberwolfach, Oberwolfach,
              September 6--10, 1993},
 PUBLISHER = {Cambridge University Press, Cambridge},
      YEAR = {1995},
     PAGES = {x+364},
      ISBN = {0-521-49795-7},
   MRCLASS = {57-02 (00B25 57-06 58-02)},
  MRNUMBER = {1388306 (96m:57003)},
}

%============================ M ============================

@article {Man81,
    AUTHOR = {von Mangoldt, Hans},
     TITLE = {Ueber diejenigen {P}unkte auf positiv gekr\"{u}mmten {F}l\"{a}chen,
              welche die {E}igenschaft haben, dass die von ihnen ausgehenden
              geod\"{a}tischen {L}inien nie aufh\"{o}ren, k\"{u}rzeste {L}inien zu sein},
   JOURNAL = {J. Reine Angew. Math.},
  FJOURNAL = {Journal f\"{u}r die Reine und Angewandte Mathematik. [Crelle's
              Journal]},
    VOLUME = {91},
      YEAR = {1881},
     PAGES = {23--53},
      ISSN = {0075-4102},
   MRCLASS = {DML},
  MRNUMBER = {1579879},
       DOI = {10.1515/crll.1881.91.23},
       URL = {https://doi.org/10.1515/crll.1881.91.23},
}
		

@article {MaMi63,
    AUTHOR = {Manasse, F. K. and Misner, C. W.},
     TITLE = {Fermi normal coordinates and some basic concepts in
              differential geometry},
   JOURNAL = {J. Mathematical Phys.},
  FJOURNAL = {Journal of Mathematical Physics},
    VOLUME = {4},
      YEAR = {1963},
     PAGES = {735--745},
      ISSN = {0022-2488},
   MRCLASS = {53.70 (83.53)},
  MRNUMBER = {155665},
       DOI = {10.1063/1.1724316},
       URL = {https://doi.org/10.1063/1.1724316},
}
	

@book {Mar91,
    AUTHOR = {Margulis, G. A.},
     TITLE = {Discrete subgroups of semisimple {L}ie groups},
    SERIES = {Ergebnisse der Mathematik und ihrer Grenzgebiete (3) [Results
              in Mathematics and Related Areas (3)]},
    VOLUME = {17},
 PUBLISHER = {Springer-Verlag},
   ADDRESS = {Berlin},
      YEAR = {1991},
     PAGES = {x+388},
      ISBN = {3-540-12179-X},
   MRCLASS = {22E40 (20Hxx 22-02 22D40)},
  MRNUMBER = {1090825 (92h:22021)},
MRREVIEWER = {Gopal Prasad},
}

@incollection {Mas69,
    AUTHOR = {Massey, W. S.},
     TITLE = {Higher order linking numbers},
 BOOKTITLE = {Conf. on {A}lgebraic {T}opology ({U}niv. of {I}llinois at
              {C}hicago {C}ircle, {C}hicago, {I}ll., 1968)},
     PAGES = {174--205},
 PUBLISHER = {Univ. of Illinois at Chicago Circle, Chicago, Ill.},
      YEAR = {1969},
   MRCLASS = {55.20},
  MRNUMBER = {0254832 (40 \#8039)},
MRREVIEWER = {Larry Smith},
}

@article {Mas98,
    AUTHOR = {Massey, W. S.},
     TITLE = {Higher order linking numbers},
   JOURNAL = {J. Knot Theory Ramifications},
  FJOURNAL = {Journal of Knot Theory and its Ramifications},
    VOLUME = {7},
      YEAR = {1998},
    NUMBER = {3},
     PAGES = {393--414},
      ISSN = {0218-2165},
   MRCLASS = {57M25 (55S30 57Q45)},
  MRNUMBER = {1625365 (99e:57016)},
MRREVIEWER = {J. P. Levine},
       DOI = {10.1142/S0218216598000206},
       URL = {http://dx.doi.org/10.1142/S0218216598000206},
}

@article {May69,
    AUTHOR = {May, J. Peter},
     TITLE = {Matric {M}assey products},
   JOURNAL = {J. Algebra},
  FJOURNAL = {Journal of Algebra},
    VOLUME = {12},
      YEAR = {1969},
     PAGES = {533--568},
      ISSN = {0021-8693},
   MRCLASS = {18.20 (55.00)},
  MRNUMBER = {0238929 (39 \#289)},
MRREVIEWER = {R. E. Mosher},
}

@article {McK15,
    AUTHOR = {McKay, Benjamin},
     TITLE = {A summary of progress on the {B}laschke conjecture},
   JOURNAL = {ICCM Not.},
  FJOURNAL = {ICCM Notices. Notices of the International Congress of Chinese
              Mathematicians},
    VOLUME = {3},
      YEAR = {2015},
    NUMBER = {2},
     PAGES = {33--45},
      ISSN = {2326-4810},
   MRCLASS = {53C22},
  MRNUMBER = {3470243},
MRREVIEWER = {Pilar Herreros},
       DOI = {10.4310/ICCM.2015.v3.n2.a4},
       URL = {https://doi.org/10.4310/ICCM.2015.v3.n2.a4},
}

@article {Mye354,
    AUTHOR = {Myers, Sumner Byron},
     TITLE = {Connections between differential geometry and topology. {I}.
              {S}imply connected surfaces},
   JOURNAL = {Duke Math. J.},
  FJOURNAL = {Duke Mathematical Journal},
    VOLUME = {1},
      YEAR = {1935},
    NUMBER = {3},
     PAGES = {376--391},
      ISSN = {0012-7094},
   MRCLASS = {DML},
  MRNUMBER = {1545884},
       DOI = {10.1215/S0012-7094-35-00126-0},
       URL = {https://doi.org/10.1215/S0012-7094-35-00126-0},
}

@article {Mye36,
    AUTHOR = {Myers, Sumner Byron},
     TITLE = {Connections between differential geometry and topology {II}.
              {C}losed surfaces},
   JOURNAL = {Duke Math. J.},
  FJOURNAL = {Duke Mathematical Journal},
    VOLUME = {2},
      YEAR = {1936},
    NUMBER = {1},
     PAGES = {95--102},
      ISSN = {0012-7094},
   MRCLASS = {DML},
  MRNUMBER = {1545908},
       DOI = {10.1215/S0012-7094-36-00208-9},
       URL = {https://doi.org/10.1215/S0012-7094-36-00208-9},
}

@book {May92,
    AUTHOR = {May, J. Peter},
     TITLE = {Simplicial objects in algebraic topology},
    SERIES = {Chicago Lectures in Mathematics},
      NOTE = {Reprint of the 1967 original},
 PUBLISHER = {University of Chicago Press},
   ADDRESS = {Chicago, IL},
      YEAR = {1992},
     PAGES = {viii+161},
      ISBN = {0-226-51181-2},
   MRCLASS = {55U10},
  MRNUMBER = {1206474 (93m:55025)},
MRREVIEWER = {Donald M. Davis},
}

@article {McC77,
    AUTHOR = {McCrory, Clint},
     TITLE = {A characterization of homology manifolds},
   JOURNAL = {J. London Math. Soc. (2)},
  FJOURNAL = {Journal of the London Mathematical Society. Second Series},
    VOLUME = {16},
      YEAR = {1977},
    NUMBER = {1},
     PAGES = {149--159},
      ISSN = {0024-6107},
   MRCLASS = {57B10},
  MRNUMBER = {0445506 (56 \#3846)},
MRREVIEWER = {J. P. E. Hodgson},
}

@article {McGW86,
    AUTHOR = {McGibbon, C. A. and Wilkerson, C. W.},
     TITLE = {Loop spaces of finite complexes at large primes},
   JOURNAL = {Proc. Amer. Math. Soc.},
  FJOURNAL = {Proceedings of the American Mathematical Society},
    VOLUME = {96},
      YEAR = {1986},
    NUMBER = {4},
     PAGES = {698--702},
      ISSN = {0002-9939},
     CODEN = {PAMYAR},
   MRCLASS = {55Q52 (55P35)},
  MRNUMBER = {826505 (87h:55015)},
MRREVIEWER = {Frederick Cohen},
       DOI = {10.2307/2046328},
       URL = {http://dx.doi.org/10.2307/2046328},
}

@incollection {McGN85,
    AUTHOR = {McGibbon, Charles A. and Neisendorfer, Joseph A.},
     TITLE = {Various applications of {H}aynes {M}iller's theorem},
 BOOKTITLE = {Conference on algebraic topology in honor of {P}eter {H}ilton
              ({S}aint {J}ohn's, {N}fld., 1983)},
    SERIES = {Contemp. Math.},
    VOLUME = {37},
     PAGES = {91--98},
 PUBLISHER = {Amer. Math. Soc., Providence, RI},
      YEAR = {1985},
   MRCLASS = {55P35 (55Q05)},
  MRNUMBER = {789797 (86i:55012)},
MRREVIEWER = {Frederick Cohen},
       DOI = {10.1090/conm/037/789797},
       URL = {http://dx.doi.org/10.1090/conm/037/789797},
}

@article {Men65,
    AUTHOR = {Mennicke, Jens L.},
     TITLE = {Finite factor groups of the unimodular group},
   JOURNAL = {Ann. of Math. (2)},
  FJOURNAL = {Annals of Mathematics. Second Series},
    VOLUME = {81},
      YEAR = {1965},
     PAGES = {31--37},
      ISSN = {0003-486X},
   MRCLASS = {20.65 (10.21)},
  MRNUMBER = {0171856 (30 \#2083)},
MRREVIEWER = {J. L. Brenner},
}

@article {Mil56,
    AUTHOR = {Milnor, John},
     TITLE = {On manifolds homeomorphic to the {$7$}-sphere},
   JOURNAL = {Ann. of Math. (2)},
  FJOURNAL = {Annals of Mathematics. Second Series},
    VOLUME = {64},
      YEAR = {1956},
     PAGES = {399--405},
      ISSN = {0003-486X},
   MRCLASS = {55.0X},
  MRNUMBER = {0082103 (18,498d)},
MRREVIEWER = {J. C. Moore},
}

@article {Mil57,
    AUTHOR = {Milnor, John},
     TITLE = {The geometric realization of a semi-simplicial complex},
   JOURNAL = {Ann. of Math. (2)},
  FJOURNAL = {Annals of Mathematics. Second Series},
    VOLUME = {65},
      YEAR = {1957},
     PAGES = {357--362},
      ISSN = {0003-486X},
   MRCLASS = {55.0X},
  MRNUMBER = {0084138 (18,815d)},
MRREVIEWER = {J. C. Moore},
}

@book {Mil63,
    AUTHOR = {Milnor, J.},
     TITLE = {Morse theory},
    SERIES = {Annals of Mathematics Studies, No. 51},
      NOTE = {Based on lecture notes by M. Spivak and R. Wells},
 PUBLISHER = {Princeton University Press, Princeton, N.J.},
      YEAR = {1963},
     PAGES = {vi+153},
   MRCLASS = {57.50 (53.72)},
  MRNUMBER = {0163331},
MRREVIEWER = {H. I. Levine},
}

@book {Mil65b,
    AUTHOR = {Milnor, John W.},
     TITLE = {Topology from the differentiable viewpoint},
    SERIES = {Princeton Landmarks in Mathematics},
      NOTE = {Based on notes by David W. Weaver,
              Revised reprint of the 1965 original},
 PUBLISHER = {Princeton University Press, Princeton, NJ},
      YEAR = {1997},
     PAGES = {xii+64},
      ISBN = {0-691-04833-9},
   MRCLASS = {57Rxx},
  MRNUMBER = {1487640 (98h:57051)},
}

@article {Mil11,
    AUTHOR = {Milnor, John},
     TITLE = {Differential topology forty-six years later},
   JOURNAL = {Notices Amer. Math. Soc.},
  FJOURNAL = {Notices of the American Mathematical Society},
    VOLUME = {58},
      YEAR = {2011},
    NUMBER = {6},
     PAGES = {804--809},
      ISSN = {0002-9920},
     CODEN = {AMNOAN},
   MRCLASS = {57-03 (01A60)},
  MRNUMBER = {2839925 (2012i:57001)},
MRREVIEWER = {Laurence R. Taylor},
}

@article {TMill79,
    AUTHOR = {Miller, Timothy James},
     TITLE = {On the formality of {$(k-1)$}-connected compact manifolds of
              dimension less than or equal to {$4k-2$}},
   JOURNAL = {Illinois J. Math.},
  FJOURNAL = {Illinois Journal of Mathematics},
    VOLUME = {23},
      YEAR = {1979},
    NUMBER = {2},
     PAGES = {253--258},
      ISSN = {0019-2082},
   MRCLASS = {55P62},
  MRNUMBER = {528561},
MRREVIEWER = {Jean-Michel Lemaire},
       URL = {http://projecteuclid.org/euclid.ijm/1256048237},
}

@article {Mill84,
    AUTHOR = {Miller, Haynes},
     TITLE = {The {S}ullivan conjecture on maps from classifying spaces},
   JOURNAL = {Ann. of Math. (2)},
  FJOURNAL = {Annals of Mathematics. Second Series},
    VOLUME = {120},
      YEAR = {1984},
    NUMBER = {1},
     PAGES = {39--87},
      ISSN = {0003-486X},
     CODEN = {ANMAAH},
   MRCLASS = {55R35 (55T15)},
  MRNUMBER = {750716 (85i:55012)},
MRREVIEWER = {Gunnar Carlsson},
       DOI = {10.2307/2007071},
       URL = {http://dx.doi.org/10.2307/2007071},
}

@article {Mim67,
    AUTHOR = {Mimura, Mamoru},
     TITLE = {The homotopy groups of {L}ie groups of low rank},
   JOURNAL = {J. Math. Kyoto Univ.},
  FJOURNAL = {Journal of Mathematics of Kyoto University},
    VOLUME = {6},
      YEAR = {1967},
     PAGES = {131--176},
      ISSN = {0023-608X},
   MRCLASS = {55.45 (57.40)},
  MRNUMBER = {0206958 (34 \#6774)},
MRREVIEWER = {Bruno Harris},
}

@article {Moi52,
    AUTHOR = {Moise, Edwin E.},
     TITLE = {Affine structures in {$3$}-manifolds. {V}. {T}he triangulation
              theorem and {H}auptvermutung},
   JOURNAL = {Ann. of Math. (2)},
  FJOURNAL = {Annals of Mathematics. Second Series},
    VOLUME = {56},
      YEAR = {1952},
     PAGES = {96--114},
      ISSN = {0003-486X},
   MRCLASS = {56.0X},
  MRNUMBER = {0048805 (14,72d)},
MRREVIEWER = {S. S. Cairns},
}

@article {MaGW51,
    AUTHOR = {Massey, W. B. and Whitehead, G. W.},
     TITLE = {},
   JOURNAL = {Bull. Amer. Math. Soc.},
  FJOURNAL = {Bulletin of the American Mathematical Society},
    VOLUME = {57},
      YEAR = {1951},
     PAGES = {491--492},
      ISSN = {},
   MRCLASS = {56.0X},
  MRNUMBER = {},
MRREVIEWER = {},
}

@article {MaNe16,
    AUTHOR = {Martin, Robert J. and Neff, Patrizio},
     TITLE = {Minimal geodesics on {${\rm GL}(n)$} for left-invariant,
              right-{${\rm O}(n)$}-invariant {R}iemannian metrics},
   JOURNAL = {J. Geom. Mech.},
  FJOURNAL = {Journal of Geometric Mechanics},
    VOLUME = {8},
      YEAR = {2016},
    NUMBER = {3},
     PAGES = {323--357},
      ISSN = {1941-4889},
   MRCLASS = {53C22},
  MRNUMBER = {3562278},
MRREVIEWER = {Viviana Jorgelina del Barco},
       DOI = {10.3934/jgm.2016010},
       URL = {https://doi.org/10.3934/jgm.2016010},
}


@book {MiHu73,
    AUTHOR = {Milnor, John and Husemoller, Dale},
     TITLE = {Symmetric bilinear forms},
      NOTE = {Ergebnisse der Mathematik und ihrer Grenzgebiete, Band 73},
 PUBLISHER = {Springer-Verlag, New York-Heidelberg},
      YEAR = {1973},
     PAGES = {viii+147},
   MRCLASS = {15A63 (10C05 57D65)},
  MRNUMBER = {0506372 (58 \#22129)},
MRREVIEWER = {Louis H. Kauffman},
}

@incollection {MK60,
    AUTHOR = {Milnor, John W. and Kervaire, Michel A.},
     TITLE = {Bernoulli numbers, homotopy groups, and a theorem of {R}ohlin},
 BOOKTITLE = {Proc. {I}nternat. {C}ongress {M}ath. 1958},
     PAGES = {454--458},
 PUBLISHER = {Cambridge Univ. Press, New York},
      YEAR = {1960},
   MRCLASS = {57.00 (55.00)},
  MRNUMBER = {0121801 (22 \#12531)},
MRREVIEWER = {F. Hirzebruch},
}

@article {MM65,
    AUTHOR = {Milnor, John W. and Moore, John C.},
     TITLE = {On the structure of {H}opf algebras},
   JOURNAL = {Ann. of Math. (2)},
  FJOURNAL = {Annals of Mathematics. Second Series},
    VOLUME = {81},
      YEAR = {1965},
     PAGES = {211--264},
      ISSN = {0003-486X},
   MRCLASS = {55.40 (55.34)},
  MRNUMBER = {0174052 (30 \#4259)},
MRREVIEWER = {I. M. James},
}

@book {MiSt,
    AUTHOR = {Milnor, John W. and Stasheff, James D.},
     TITLE = {Characteristic classes},
      NOTE = {Annals of Mathematics Studies, No. 76},
 PUBLISHER = {Princeton University Press},
   ADDRESS = {Princeton, N. J.},
      YEAR = {1974},
     PAGES = {vii+331},
   MRCLASS = {57-01 (55-02 55F40 57D20)},
  MRNUMBER = {0440554 (55 \#13428)},
MRREVIEWER = {F. Hirzebruch},
}

@article {MSch11,
    AUTHOR = {Macarini, Leonardo and Schlenk, Felix},
     TITLE = {Positive topological entropy of {R}eeb flows on spherizations},
   JOURNAL = {Math. Proc. Cambridge Philos. Soc.},
  FJOURNAL = {Mathematical Proceedings of the Cambridge Philosophical
              Society},
    VOLUME = {151},
      YEAR = {2011},
    NUMBER = {1},
     PAGES = {103--128},
      ISSN = {0305-0041},
     CODEN = {MPCPCO},
   MRCLASS = {53D25 (37B40 37D40 37J05)},
  MRNUMBER = {2801317 (2012e:53173)},
MRREVIEWER = {Vincent Humili{\`e}re},
       DOI = {10.1017/S0305004111000119},
       URL = {http://dx.doi.org/10.1017/S0305004111000119},
}

@book {MiTo78,
    AUTHOR = {Mimura, Mamoru and Toda, Hirosi},
     TITLE = {Topology of {L}ie groups. {I}, {II}},
    SERIES = {Translations of Mathematical Monographs},
    VOLUME = {91},
      NOTE = {Translated from the 1978 Japanese edition by the authors},
 PUBLISHER = {American Mathematical Society},
   ADDRESS = {Providence, RI},
      YEAR = {1991},
     PAGES = {iv+451},
      ISBN = {0-8218-4541-1},
   MRCLASS = {55-02 (22-02 55P99 57T20 57T25)},
  MRNUMBER = {1122592 (92h:55001)},
MRREVIEWER = {V. P. Snaith},
}

@article {MMPa12,
    AUTHOR = {Macarini, Leonardo and Merry, Will J. and Paternain, Gabriel
              P.},
     TITLE = {On the growth rate of leaf-wise intersections},
   JOURNAL = {J. Symplectic Geom.},
  FJOURNAL = {The Journal of Symplectic Geometry},
    VOLUME = {10},
      YEAR = {2012},
    NUMBER = {4},
     PAGES = {601--653},
      ISSN = {1527-5256},
   MRCLASS = {53Dxx},
  MRNUMBER = {2982024},
       URL = {http://projecteuclid.org/getRecord?id=euclid.jsg/1357153430},
}

@article {MaMe03,
    AUTHOR = {Mantegazza, Carlo and Mennucci, Andrea Carlo},
     TITLE = {Hamilton-{J}acobi equations and distance functions on
              {R}iemannian manifolds},
   JOURNAL = {Appl. Math. Optim.},
  FJOURNAL = {Applied Mathematics and Optimization},
    VOLUME = {47},
      YEAR = {2003},
    NUMBER = {1},
     PAGES = {1--25},
      ISSN = {0095-4616},
   MRCLASS = {49L20 (49Q15 53C22)},
  MRNUMBER = {1941909},
MRREVIEWER = {Pierre Cardaliaguet},
       DOI = {10.1007/s00245-002-0736-4},
       URL = {https://doi.org/10.1007/s00245-002-0736-4},
}

@book {Mic08,
    AUTHOR = {Michor, Peter W.},
     TITLE = {Topics in differential geometry},
    SERIES = {Graduate Studies in Mathematics},
    VOLUME = {93},
 PUBLISHER = {American Mathematical Society, Providence, RI},
      YEAR = {2008},
     PAGES = {xii+494},
      ISBN = {978-0-8218-2003-2},
   MRCLASS = {53-02 (53C05 53D05 53D17 53D20)},
  MRNUMBER = {2428390},
MRREVIEWER = {Richard H. Escobales, Jr.},
       DOI = {10.1090/gsm/093},
       URL = {https://doi.org/10.1090/gsm/093},
}

@article {Mye35,
    AUTHOR = {Myers, Sumner Byron},
     TITLE = {Connections between differential geometry and topology. {I}.
              {S}imply connected surfaces},
   JOURNAL = {Duke Math. J.},
  FJOURNAL = {Duke Mathematical Journal},
    VOLUME = {1},
      YEAR = {1935},
    NUMBER = {3},
     PAGES = {376--391},
      ISSN = {0012-7094},
   MRCLASS = {DML},
  MRNUMBER = {1545884},
       DOI = {10.1215/S0012-7094-35-00126-0},
       URL = {https://doi.org/10.1215/S0012-7094-35-00126-0},
}


@book {MSM68,
    AUTHOR = {Cox, David A. and Katz, Sheldon},
     TITLE = {Mirror symmetry and algebraic geometry},
    SERIES = {Mathematical Surveys and Monographs},
    VOLUME = {68},
 PUBLISHER = {American Mathematical Society},
   ADDRESS = {Providence, RI},
      YEAR = {1999},
     PAGES = {xxii+469},
      ISBN = {0-8218-1059-6},
   MRCLASS = {14J32 (14-02 14M25 14N10 14N35 32G81 32J81 32Q25)},
  MRNUMBER = {1677117 (2000d:14048)},
MRREVIEWER = {Andreas Gathmann},
}

%============================ N ============================

@article {NaTh14,
    AUTHOR = {Naolekar, Aniruddha C. and Thakur, Ajay Singh},
     TITLE = {Note on the characteristic rank of vector bundles},
   JOURNAL = {Math. Slovaca},
  FJOURNAL = {Mathematica Slovaca},
    VOLUME = {64},
      YEAR = {2014},
    NUMBER = {6},
     PAGES = {1525--1540},
      ISSN = {0139-9918},
   MRCLASS = {57R20 (55R25)},
  MRNUMBER = {3298036},
MRREVIEWER = {J\'ulius Korba\v s},
       URL = {https://doi.org/10.2478/s12175-014-0289-4},
}

@article {Nei79,
    AUTHOR = {Neisendorfer, Joseph},
     TITLE = {The rational homotopy groups of complete intersections},
   JOURNAL = {Illinois J. Math.},
  FJOURNAL = {Illinois Journal of Mathematics},
    VOLUME = {23},
      YEAR = {1979},
    NUMBER = {2},
     PAGES = {175--182},
      ISSN = {0019-2082},
     CODEN = {IJMTAW},
   MRCLASS = {55P62 (32C10)},
  MRNUMBER = {528555 (80j:55018)},
MRREVIEWER = {Jean-Michel Lemaire},
       URL = {http://projecteuclid.org/getRecord?id=euclid.ijm/1256048231},
}

@book {Nei10,
    AUTHOR = {Neisendorfer, Joseph},
     TITLE = {Algebraic methods in unstable homotopy theory},
    SERIES = {New Mathematical Monographs},
    VOLUME = {12},
 PUBLISHER = {Cambridge University Press, Cambridge},
      YEAR = {2010},
     PAGES = {xx+554},
      ISBN = {978-0-521-76037-9},
   MRCLASS = {55P99 (55P60 55Q05 55Q40 55T05 57T05)},
  MRNUMBER = {2604913 (2011j:55026)},
MRREVIEWER = {David A. Blanc},
       DOI = {10.1017/CBO9780511691638},
       URL = {http://dx.doi.org/10.1017/CBO9780511691638},
}

@article {NeMi78,
    AUTHOR = {Neisendorfer, Joseph and Miller, Timothy},
     TITLE = {Formal and coformal spaces},
   JOURNAL = {Illinois J. Math.},
  FJOURNAL = {Illinois Journal of Mathematics},
    VOLUME = {22},
      YEAR = {1978},
    NUMBER = {4},
     PAGES = {565--580},
      ISSN = {0019-2082},
   MRCLASS = {55D99},
  MRNUMBER = {0500938},
MRREVIEWER = {V. P. Snaith},
       URL = {http://projecteuclid.org/euclid.ijm/1256048467},
}

@Article{Neu63,
    Author = {L. {Neuwirth}},
    Title = {{A topological classification of certain 3-manifolds.}},
    FJournal = {{Bulletin of the American Mathematical Society}},
    Journal = {{Bull. Am. Math. Soc.}},
    ISSN = {0002-9904; 1936-881X/e},
    Volume = {69},
    Pages = {372--375},
    Year = {1963},
    Publisher = {American Mathematical Society, Providence, RI},
    Language = {English},
    DOI = {10.1090/S0002-9904-1963-10929-5},
    Zbl = {0113.17403}
}

@article {New67,
    AUTHOR = {Newman, Morris},
     TITLE = {Classification of normal subgroups of the modular group},
   JOURNAL = {Trans. Amer. Math. Soc.},
  FJOURNAL = {Transactions of the American Mathematical Society},
    VOLUME = {126},
      YEAR = {1967},
     PAGES = {267--277},
      ISSN = {0002-9947},
   MRCLASS = {10.21},
  MRNUMBER = {0204375 (34 \#4217)},
MRREVIEWER = {E. Grosswald},
}

@article {Ng08,
    AUTHOR = {Ng, Lenhard},
     TITLE = {Framed knot contact homology},
   JOURNAL = {Duke Math. J.},
  FJOURNAL = {Duke Mathematical Journal},
    VOLUME = {141},
      YEAR = {2008},
    NUMBER = {2},
     PAGES = {365--406},
      ISSN = {0012-7094},
     CODEN = {DUMJAO},
   MRCLASS = {53D40 (53D12 53D35 57M27)},
  MRNUMBER = {2376818 (2008k:53202)},
MRREVIEWER = {Tobias Ekholm},
       DOI = {10.1215/S0012-7094-08-14125-0},
       URL = {http://dx.doi.org/10.1215/S0012-7094-08-14125-0},
}

@article {Nov65A,
    AUTHOR = {Novikov, S. P.},
     TITLE = {Rational {P}ontrjagin classes. {H}omeomorphism and homotopy
              type of closed manifolds. {I}},
   JOURNAL = {Izv. Akad. Nauk SSSR Ser. Mat.},
  FJOURNAL = {Izvestiya Akademii Nauk SSSR. Seriya Matematicheskaya},
    VOLUME = {29},
      YEAR = {1965},
     PAGES = {1373--1388},
      ISSN = {0373-2436},
   MRCLASS = {57.32},
  MRNUMBER = {0196764 (33 \#4950)},
MRREVIEWER = {A. H. Wallace},
}

@article {Nov65B,
    AUTHOR = {Novikov, S. P.},
     TITLE = {Topological invariance of rational classes of {P}ontrjagin},
   JOURNAL = {Dokl. Akad. Nauk SSSR},
  FJOURNAL = {Doklady Akademii Nauk SSSR},
    VOLUME = {163},
      YEAR = {1965},
     PAGES = {298--300},
      ISSN = {0002-3264},
   MRCLASS = {57.32},
  MRNUMBER = {0193644 (33 \#1860)},
MRREVIEWER = {B. L. Reinhart},
}

@article {Nowak00,
    AUTHOR = {Nowak, Krzysztof Jan},
     TITLE = {Some elementary proofs of {P}uiseux's theorems},
   JOURNAL = {Univ. Iagel. Acta Math.},
  FJOURNAL = {Universitatis Iagellonicae. Acta Mathematica},
    NUMBER = {38},
      YEAR = {2000},
     PAGES = {279--282},
      ISSN = {0083-4386},
   MRCLASS = {12J99 (30B10 32B10)},
  MRNUMBER = {1812118 (2001m:12015)},
}

@incollection {NeSe81,
    AUTHOR = {Neisendorfer, J. A. and Selick, P. S.},
     TITLE = {Some examples of spaces with or without exponents},
 BOOKTITLE = {Current trends in algebraic topology, {P}art 1 ({L}ondon,
              {O}nt., 1981)},
    SERIES = {CMS Conf. Proc.},
    VOLUME = {2},
     PAGES = {343--357},
 PUBLISHER = {Amer. Math. Soc., Providence, R.I.},
      YEAR = {1982},
   MRCLASS = {55P45 (55P60 55Q52)},
  MRNUMBER = {686124 (84b:55017)},
}

%============================ O ============================

@article {Omo68,
    AUTHOR = {Omori, Hideki},
     TITLE = {A class of {R}iemannian metrics on a manifold},
   JOURNAL = {J. Differential Geometry},
  FJOURNAL = {Journal of Differential Geometry},
    VOLUME = {2},
      YEAR = {1968},
     PAGES = {233--252},
      ISSN = {0022-040X},
   MRCLASS = {57.50},
  MRNUMBER = {239625},
MRREVIEWER = {T. Nagano},
       URL = {http://projecteuclid.org/euclid.jdg/1214428438},
}

@article {Oneill66,
    AUTHOR = {O'Neill, Barrett},
     TITLE = {The fundamental equations of a submersion},
   JOURNAL = {Michigan Math. J.},
  FJOURNAL = {Michigan Mathematical Journal},
    VOLUME = {13},
      YEAR = {1966},
     PAGES = {459--469},
      ISSN = {0026-2285},
   MRCLASS = {53.74},
  MRNUMBER = {200865},
MRREVIEWER = {R. Hermann},
       URL = {http://projecteuclid.org/euclid.mmj/1028999604},
}



@article {Ozo74,
    AUTHOR = {Ozols, V.},
     TITLE = {Cut loci in {R}iemannian manifolds},
   JOURNAL = {Tohoku Math. J. (2)},
  FJOURNAL = {The Tohoku Mathematical Journal. Second Series},
    VOLUME = {26},
      YEAR = {1974},
     PAGES = {219--227},
      ISSN = {0040-8735},
   MRCLASS = {53C20 (58E10)},
  MRNUMBER = {390967},
MRREVIEWER = {H. Osborn},
       DOI = {10.2748/tmj/1178241180},
       URL = {https://doi.org/10.2748/tmj/1178241180},
}
		

%============================ P ============================
    
@book {Pat99,
    AUTHOR = {Paternain, Gabriel P.},
     TITLE = {Geodesic flows},
    SERIES = {Progress in Mathematics},
    VOLUME = {180},
 PUBLISHER = {Birkh\"auser Boston Inc.},
   ADDRESS = {Boston, MA},
      YEAR = {1999},
     PAGES = {xiv+149},
      ISBN = {0-8176-4144-0},
   MRCLASS = {53D25 (37D40 37J99)},
  MRNUMBER = {1712465 (2000h:53108)},
MRREVIEWER = {Boris Hasselblatt},
       DOI = {10.1007/978-1-4612-1600-1},
       URL = {http://dx.doi.org/10.1007/978-1-4612-1600-1},
}

@book {Pe16,
    AUTHOR = {Petersen, Peter},
     TITLE = {Riemannian geometry},
    SERIES = {Graduate Texts in Mathematics},
    VOLUME = {171},
   EDITION = {Third},
 PUBLISHER = {Springer, Cham},
      YEAR = {2016},
     PAGES = {xviii+499},
      ISBN = {978-3-319-26652-7; 978-3-319-26654-1},
   MRCLASS = {53-01 (53C20 53C21 53C23)},
  MRNUMBER = {3469435},
       DOI = {10.1007/978-3-319-26654-1},
       URL = {https://doi.org/10.1007/978-3-319-26654-1},
}

@article {Plo82,
    AUTHOR = {Plotnick, Steven},
     TITLE = {Embedding homology {$3$}-spheres in {$S^{5}$}},
   JOURNAL = {Pacific J. Math.},
  FJOURNAL = {Pacific Journal of Mathematics},
    VOLUME = {101},
      YEAR = {1982},
    NUMBER = {1},
     PAGES = {147--151},
      ISSN = {0030-8730},
   MRCLASS = {57R40},
  MRNUMBER = {671847},
MRREVIEWER = {J. P. Levine},
       URL = {http://projecteuclid.org/euclid.pjm/1102724967},
}

@article {PPR17,
    AUTHOR = {Petrovi\'c, Zoran Z. and Prvulovi\'c, Branislav I. and
              Radovanovi\'c, Marko},
     TITLE = {Characteristic rank of canonical vector bundles over oriented
              {G}rassmann manifolds {$G_{3,n}$}},
   JOURNAL = {Topology Appl.},
  FJOURNAL = {Topology and its Applications},
    VOLUME = {230},
      YEAR = {2017},
     PAGES = {114--121},
      ISSN = {0166-8641},
   MRCLASS = {57R20 (55R25)},
  MRNUMBER = {3702758},
       URL = {https://doi.org/10.1016/j.topol.2017.08.010},
}

@article {Poin05,
    AUTHOR = {Poincar{\'e}, Henri},
     TITLE = {Sur les lignes g{\'e}od{\'e}siques des surfaces convexes},
   JOURNAL = {Trans. Amer. Math. Soc.},
  FJOURNAL = {Transactions of the American Mathematical Society},
    VOLUME = {6},
      YEAR = {1905},
    NUMBER = {3},
     PAGES = {237--274},
      ISSN = {0002-9947},
   MRCLASS = {53A05},
  MRNUMBER = {1500710},
       DOI = {10.2307/1986219},
       URL = {https://doi.org/10.2307/1986219},
}

@book {Poin53,
    AUTHOR = {Poincar{\'e}, Henri},
     TITLE = {{\OE}uvres. {T}ome {VI}},
    SERIES = {Les Grands Classiques Gauthier-Villars. [Gauthier-Villars
              Great Classics]},
      NOTE = {G{\'e}om{\'e}trie. Analysis situs (topologie). [Geometry.
              Analysis situs (topology)],
              Reprint of the 1953 edition},
 PUBLISHER = {\'Editions Jacques Gabay, Sceaux},
      YEAR = {1996},
     PAGES = {v+541},
      ISBN = {2-87647-176-0},
   MRCLASS = {01A75 (14-03 55-03)},
  MRNUMBER = {1401792 (98m:01041)},
MRREVIEWER = {J. S. Joel},
}

@incollection {Pont59,
    AUTHOR = {Pontryagin, L. S.},
     TITLE = {Smooth manifolds and their applications in homotopy theory},
 BOOKTITLE = {American {M}athematical {S}ociety {T}ranslations, {S}er. 2,
              {V}ol. 11},
     PAGES = {1--114},
 PUBLISHER = {American Mathematical Society, Providence, R.I.},
      YEAR = {1959},
   MRCLASS = {57.00},
  MRNUMBER = {0115178 (22 \#5980)},
}

@book {Po01,
    AUTHOR = {Postnikov, M. M.},
     TITLE = {Geometry {VI}},
    SERIES = {Encyclopaedia of Mathematical Sciences},
    VOLUME = {91},
      NOTE = {Riemannian geometry,
              Translated from the 1998 Russian edition by S. A. Vakhrameev},
 PUBLISHER = {Springer-Verlag, Berlin},
      YEAR = {2001},
     PAGES = {xviii+503},
      ISBN = {3-540-41108-9},
   MRCLASS = {53-01 (53Cxx)},
  MRNUMBER = {1824853},
MRREVIEWER = {Robert J. Low},
       DOI = {10.1007/978-3-662-04433-9},
       URL = {https://doi.org/10.1007/978-3-662-04433-9},
}

@book {PrAnn88,
    AUTHOR = {Kirby, Robion C. and Siebenmann, Laurence C.},
     TITLE = {Foundational essays on topological manifolds, smoothings, and
              triangulations},
      NOTE = {With notes by John Milnor and Michael Atiyah,
              Annals of Mathematics Studies, No. 88},
 PUBLISHER = {Princeton University Press, Princeton, N.J.; University of
              Tokyo Press, Tokyo},
      YEAR = {1977},
     PAGES = {vii+355},
   MRCLASS = {57-02 (57AXX)},
  MRNUMBER = {0645390 (58 \#31082)},
MRREVIEWER = {Ronald J. Stern},
}

@book {PrAnn145,
     TITLE = {Surveys on surgery theory. {V}ol. 1},
    SERIES = {Annals of Mathematics Studies},
    VOLUME = {145},
    EDITOR = {Cappell, Sylvain and Ranicki, Andrew and Rosenberg, Jonathan},
      NOTE = {Papers dedicated to C. T. C. Wall},
 PUBLISHER = {Princeton University Press, Princeton, NJ},
      YEAR = {2000},
     PAGES = {viii+439},
      ISBN = {0-691-04937-8; 0-691-04938-6},
   MRCLASS = {57-06 (57R99)},
  MRNUMBER = {1746325 (2000k:57004)},
}

@book {PrAnn149,
     TITLE = {Surveys on surgery theory. {V}ol. 2},
    SERIES = {Annals of Mathematics Studies},
    VOLUME = {149},
    EDITOR = {Cappell, Sylvain and Ranicki, Andrew and Rosenberg, Jonathan},
      NOTE = {Papers dedicated to C. T. C. Wall},
 PUBLISHER = {Princeton University Press, Princeton, NJ},
      YEAR = {2001},
     PAGES = {viii+436},
      ISBN = {0-691-08814-4; 0-691-08815-2},
   MRCLASS = {57-06 (00B30 19J25 57R65)},
  MRNUMBER = {1818769 (2001i:57001)},
}

@book {PrMS39,
    AUTHOR = {Freedman, Michael H. and Quinn, Frank},
     TITLE = {Topology of 4-manifolds},
    SERIES = {Princeton Mathematical Series},
    VOLUME = {39},
 PUBLISHER = {Princeton University Press, Princeton, NJ},
      YEAR = {1990},
     PAGES = {viii+259},
      ISBN = {0-691-08577-3},
   MRCLASS = {57N13 (57-02)},
  MRNUMBER = {1201584 (94b:57021)},
MRREVIEWER = {Ian Hambleton},
}

@book {PolPos05,
    AUTHOR = {Polishchuk, Alexander and Positselski, Leonid},
     TITLE = {Quadratic algebras},
    SERIES = {University Lecture Series},
    VOLUME = {37},
 PUBLISHER = {American Mathematical Society, Providence, RI},
      YEAR = {2005},
     PAGES = {xii+159},
      ISBN = {0-8218-3834-2},
   MRCLASS = {16S37 (16E30)},
  MRNUMBER = {2177131 (2006f:16043)},
MRREVIEWER = {Ralf Fr{\"o}berg},
       DOI = {10.1090/ulect/037},
       URL = {http://dx.doi.org/10.1090/ulect/037},
}

%============================ Q ============================


%============================ R ============================

@article {Rad94,
    AUTHOR = {Rademacher, Hans-Bert},
     TITLE = {On a generic property of geodesic flows},
   JOURNAL = {Math. Ann.},
  FJOURNAL = {Mathematische Annalen},
    VOLUME = {298},
      YEAR = {1994},
    NUMBER = {1},
     PAGES = {101--116},
      ISSN = {0025-5831},
     CODEN = {MAANA},
   MRCLASS = {58E10 (58F17)},
  MRNUMBER = {1252820 (94j:58040)},
MRREVIEWER = {Gabriel P. Paternain},
       DOI = {10.1007/BF01459728},
       URL = {http://dx.doi.org/10.1007/BF01459728},
}

@book {Rau59,
    AUTHOR = {Rauch, Harry Ernest},
     TITLE = {Geodesics and curvature in differential geometry in the large},
    VOLUME = {1},
 PUBLISHER = {Yeshiva University, Graduate School of Mathematical Sciences},
      YEAR = {1959},
}

@book {Rav86,
    AUTHOR = {Ravenel, Douglas C.},
     TITLE = {Complex cobordism and stable homotopy groups of spheres},
    SERIES = {Pure and Applied Mathematics},
    VOLUME = {121},
 PUBLISHER = {Academic Press, Inc., Orlando, FL},
      YEAR = {1986},
     PAGES = {xx+413},
      ISBN = {0-12-583430-6; 0-12-583431-4},
   MRCLASS = {55-02 (55Qxx 57-02)},
  MRNUMBER = {860042 (87j:55003)},
MRREVIEWER = {Joseph Neisendorfer},
}

@article {Ran89,
    AUTHOR = {Ran, Z.},
     TITLE = {Enumerative geometry of singular plane curves},
   JOURNAL = {Invent. Math.},
  FJOURNAL = {Inventiones Mathematicae},
    VOLUME = {97},
      YEAR = {1989},
    NUMBER = {3},
     PAGES = {447--465},
      ISSN = {0020-9910},
     CODEN = {INVMBH},
   MRCLASS = {14N10 (14D15 14H10)},
  MRNUMBER = {1005002 (90g:14039)},
MRREVIEWER = {Ragni Piene},
       DOI = {10.1007/BF01388886},
       URL = {http://dx.doi.org/10.1007/BF01388886},
}

@article {Ran86,
    AUTHOR = {Ran, Ziv},
     TITLE = {On nodal plane curves},
   JOURNAL = {Invent. Math.},
  FJOURNAL = {Inventiones Mathematicae},
    VOLUME = {86},
      YEAR = {1986},
    NUMBER = {3},
     PAGES = {529--534},
      ISSN = {0020-9910},
     CODEN = {INVMBH},
   MRCLASS = {14H10},
  MRNUMBER = {860680 (87j:14039)},
MRREVIEWER = {R. F. Lax},
       DOI = {10.1007/BF01389266},
       URL = {http://dx.doi.org/10.1007/BF01389266},
}

@article {Rei35,
    AUTHOR = {Reidemeister, Kurt},
     TITLE = {Homotopieringe und Linsenr\"{a}ume},
   JOURNAL = {Abh. Math. Sem. Univ. Hamburg},
  FJOURNAL = {Abhandlungen aus dem Mathematischen Seminar der Universit\"{a}t Hamburg},
    VOLUME = {11},
      YEAR = {1935},
    NUMBER = {1},
     PAGES = {102--109},
}

@article {Rim01,
    AUTHOR = {Rim{\'a}nyi, Rich{\'a}rd},
     TITLE = {Thom polynomials, symmetries and incidences of singularities},
   JOURNAL = {Invent. Math.},
  FJOURNAL = {Inventiones Mathematicae},
    VOLUME = {143},
      YEAR = {2001},
    NUMBER = {3},
     PAGES = {499--521},
      ISSN = {0020-9910},
     CODEN = {INVMBH},
   MRCLASS = {58K30 (57R45 57R70)},
  MRNUMBER = {1817643 (2001k:58082)},
MRREVIEWER = {Toru Ohmoto},
       DOI = {10.1007/s002220000113},
       URL = {http://dx.doi.org/10.1007/s002220000113},
}

@article {Roh51,
    AUTHOR = {Rohlin, V. A.},
     TITLE = {Classification of mappings of an {$(n+3)$}-dimensional sphere
              into an {$n$}-dimensional one},
   JOURNAL = {Doklady Akad. Nauk SSSR (N.S.)},
    VOLUME = {81},
      YEAR = {1951},
     PAGES = {19--22},
   MRCLASS = {56.0X},
  MRNUMBER = {0046043 (13,674d)},
MRREVIEWER = {P. J. Hilton},
}

@article {Roh51B,
    AUTHOR = {Rohlin, V. A.},
     TITLE = {On a mapping of the {$(n+3)$}-dimensional sphere into the
              {$n$}-dimensional sphere},
   JOURNAL = {Doklady Akad. Nauk SSSR (N.S.)},
    VOLUME = {80},
      YEAR = {1951},
     PAGES = {541--544},
   MRCLASS = {56.0X},
  MRNUMBER = {0046042 (13,674c)},
MRREVIEWER = {P. J. Hilton},
}

@article {Roh52,
    AUTHOR = {Rohlin, V. A.},
     TITLE = {New results in the theory of four-dimensional manifolds},
   JOURNAL = {Doklady Akad. Nauk SSSR (N.S.)},
    VOLUME = {84},
      YEAR = {1952},
     PAGES = {221--224},
   MRCLASS = {56.0X},
  MRNUMBER = {0052101 (14,573b)},
MRREVIEWER = {R. H. Fox},
}

@article {RT95,
    AUTHOR = {Ruan, Yongbin and Tian, Gang},
     TITLE = {A mathematical theory of quantum cohomology},
   JOURNAL = {J. Differential Geom.},
  FJOURNAL = {Journal of Differential Geometry},
    VOLUME = {42},
      YEAR = {1995},
    NUMBER = {2},
     PAGES = {259--367},
      ISSN = {0022-040X},
     CODEN = {JDGEAS},
   MRCLASS = {58D29 (14C05 14N10 58D10)},
  MRNUMBER = {1366548 (96m:58033)},
MRREVIEWER = {Bernd Siebert},
       URL = {http://projecteuclid.org/getRecord?id=euclid.jdg/1214457234},
}

@article {Rus17,
    AUTHOR = {Rusin, Tom\'{a}\v{s}},
     TITLE = {A note on the characteristic rank of oriented {G}rassmann
              manifolds},
   JOURNAL = {Topology Appl.},
  FJOURNAL = {Topology and its Applications},
    VOLUME = {216},
      YEAR = {2017},
     PAGES = {48--58},
      ISSN = {0166-8641},
   MRCLASS = {57R20 (55R25)},
  MRNUMBER = {3584122},
MRREVIEWER = {Donald M. Davis},
       URL = {https://doi.org/10.1016/j.topol.2016.11.009},
}

%============================ S 
============================

@article {Sak77,
    AUTHOR = {Sakai, Takashi},
     TITLE = {On cut loci of compact symmetric spaces},
   JOURNAL = {Hokkaido Math. J.},
  FJOURNAL = {Hokkaido Mathematical Journal},
    VOLUME = {6},
      YEAR = {1977},
    NUMBER = {1},
     PAGES = {136--161},
      ISSN = {0385-4035},
   MRCLASS = {53C35},
  MRNUMBER = {643657},
MRREVIEWER = {H. Karcher},
       DOI = {10.14492/hokmj/1381758555},
       URL = {https://doi.org/10.14492/hokmj/1381758555},
}

@article {Sak78,
    AUTHOR = {Sakai, Takashi},
     TITLE = {On the structure of cut loci in compact {R}iemannian symmetric
              spaces},
   JOURNAL = {Math. Ann.},
  FJOURNAL = {Mathematische Annalen},
    VOLUME = {235},
      YEAR = {1978},
    NUMBER = {2},
     PAGES = {129--148},
      ISSN = {0025-5831},
   MRCLASS = {53C20},
  MRNUMBER = {500710},
MRREVIEWER = {H. R. Gluck},
       DOI = {10.1007/BF01405010},
       URL = {https://doi.org/10.1007/BF01405010},
}

@inproceedings {Sak79,
    AUTHOR = {Sakai, Takashi},
     TITLE = {Cut loci of compact symmetric spaces},
 BOOKTITLE = {Minimal submanifolds and geodesics ({P}roc. {J}apan-{U}nited
              {S}tates {S}em., {T}okyo, 1977)},
     PAGES = {193--207},
 PUBLISHER = {North-Holland, Amsterdam-New York},
      YEAR = {1979},
   MRCLASS = {53C35 (57R70)},
  MRNUMBER = {574265},
MRREVIEWER = {John Bolton},
}

@incollection {Sak84,
    AUTHOR = {Sakai, Takashi},
     TITLE = {Comparison and finiteness theorems in {R}iemannian geometry},
 BOOKTITLE = {Geometry of geodesics and related topics ({T}okyo, 1982)},
    SERIES = {Adv. Stud. Pure Math.},
    VOLUME = {3},
     PAGES = {125--181},
 PUBLISHER = {North-Holland, Amsterdam},
      YEAR = {1984},
   MRCLASS = {53C20 (53-02)},
  MRNUMBER = {758652},
MRREVIEWER = {Sheila Carter},
       DOI = {10.2969/aspm/00310125},
       URL = {https://doi.org/10.2969/aspm/00310125},
}
	
@book {Sak96,
    AUTHOR = {Sakai, Takashi},
    TITLE = {Riemannian geometry},
    SERIES = {Translations of Mathematical Monographs},
    VOLUME = {149},
    NOTE = {Translated from the 1992 Japanese original by the author},
    PUBLISHER = {American Mathematical Society, Providence, RI},
    YEAR = {1996},
    PAGES = {xiv+358},
    ISBN = {0-8218-0284-4},
    MRCLASS = {53-01 (53-02)},
    MRNUMBER = {1390760},
    MRREVIEWER = {Conrad Plaut},
}


@article {Sam53,
    AUTHOR = {Samelson, Hans},
     TITLE = {Classifying spaces and spectral sequences},
   JOURNAL = {American J. of Math.},
  FJOURNAL = {American Journal of Mathematics},
    VOLUME = {75},
    NUMBER = {4},
      YEAR = {1953},
     PAGES = {744--752},
      ISSN = {},
   MRCLASS = {},
  MRNUMBER = {},
MRREVIEWER = {},
}

@article {Seg68,
    AUTHOR = {Segal, Graeme},
     TITLE = {Classifying spaces and spectral sequences},
   JOURNAL = {Inst. Hautes \'Etudes Sci. Publ. Math.},
  FJOURNAL = {Institut des Hautes \'Etudes Scientifiques. Publications
              Math\'ematiques},
    NUMBER = {34},
      YEAR = {1968},
     PAGES = {105--112},
      ISSN = {0073-8301},
   MRCLASS = {55.52},
  MRNUMBER = {0232393 (38 \#718)},
MRREVIEWER = {A. K. Bousfield},
}

@article {Ser51,
    AUTHOR = {Serre, Jean-Pierre},
     TITLE = {Homologie singuli\`ere des espaces fibr\'es. {A}pplications},
   JOURNAL = {Ann. of Math. (2)},
  FJOURNAL = {Annals of Mathematics. Second Series},
    VOLUME = {54},
      YEAR = {1951},
     PAGES = {425--505},
      ISSN = {0003-486X},
   MRCLASS = {56.0X},
  MRNUMBER = {0045386 (13,574g)},
MRREVIEWER = {W. S. Massey},
}

@article {Ser53,
    AUTHOR = {Serre, Jean-Pierre},
     TITLE = {Groupes d'homotopie et classes de groupes ab\'eliens},
   JOURNAL = {Ann. of Math. (2)},
  FJOURNAL = {Annals of Mathematics. Second Series},
    VOLUME = {58},
      YEAR = {1953},
     PAGES = {258--294},
      ISSN = {0003-486X},
   MRCLASS = {56.0X},
  MRNUMBER = {0059548 (15,548c)},
MRREVIEWER = {W. S. Massey},
}

@inproceedings{Sha07,
  title={Proof of Soul Theorem (translated with some modifications)},
  author={Vladimir A. Sharafutdinov},
  year={2007}
}

@article {Singh87,
    AUTHOR = {Singh, Hukum},
     TITLE = {On the cut locus and the focal locus of a submanifold in a
              {R}iemannian manifold. {II}},
   JOURNAL = {Publ. Inst. Math. (Beograd) (N.S.)},
  FJOURNAL = {Institut Math\'{e}matique. Publications. Nouvelle S\'{e}rie},
    VOLUME = {41(55)},
      YEAR = {1987},
     PAGES = {119--124},
      ISSN = {0350-1302},
   MRCLASS = {53C22 (53C40)},
  MRNUMBER = {919565},
MRREVIEWER = {Sheila Carter},
}

@article {Singh87A,
    AUTHOR = {Singh, Hukum},
     TITLE = {On the cut locus and the focal locus of a submanifold in a
              {R}iemannian manifold},
   JOURNAL = {Ann. Univ. Sci. Budapest. E\"{o}tv\"{o}s Sect. Math.},
  FJOURNAL = {Annales Universitatis Scientiarum Budapestinensis de Rolando
              E\"{o}tv\"{o}s Nominatae. Sectio Mathematica},
    VOLUME = {30},
      YEAR = {1987},
     PAGES = {139--144},
      ISSN = {0524-9007},
   MRCLASS = {53C22 (53C40)},
  MRNUMBER = {927818},
MRREVIEWER = {Sheila Carter},
}

@article {Singh87B,
    AUTHOR = {Singh, Hukum},
     TITLE = {On the cut locus and the focal locus of a submanifold in a
              {R}iemannian manifold. {II}},
   JOURNAL = {Publ. Inst. Math. (Beograd) (N.S.)},
  FJOURNAL = {Institut Math\'{e}matique. Publications. Nouvelle S\'{e}rie},
    VOLUME = {41(55)},
      YEAR = {1987},
     PAGES = {119--124},
      ISSN = {0350-1302},
   MRCLASS = {53C22 (53C40)},
  MRNUMBER = {919565},
MRREVIEWER = {Sheila Carter},
}
  
@article {Singh88,
    AUTHOR = {Singh, Hukum},
     TITLE = {Closest point of the cut locus to submanifold},
   JOURNAL = {Proc. Indian Acad. Sci. Math. Sci.},
  FJOURNAL = {Indian Academy of Sciences. Proceedings. Mathematical
              Sciences},
    VOLUME = {98},
      YEAR = {1988},
    NUMBER = {2-3},
     PAGES = {179--186},
      ISSN = {0253-4142},
   MRCLASS = {53C40 (53C22)},
  MRNUMBER = {994131},
MRREVIEWER = {Sheila Carter},
       DOI = {10.1007/BF02863634},
       URL = {https://doi.org/10.1007/BF02863634},
}

@article {Sma58,
    AUTHOR = {Smale, Stephen},
     TITLE = {Regular curves on {R}iemannian manifolds},
   JOURNAL = {Trans. Amer. Math. Soc.},
  FJOURNAL = {Transactions of the American Mathematical Society},
    VOLUME = {87},
      YEAR = {1958},
     PAGES = {492--512},
      ISSN = {0002-9947},
   MRCLASS = {55.00},
  MRNUMBER = {0094807 (20 \#1319)},
MRREVIEWER = {C. B. Allendoerfer},
}

@article {Sma61,
    AUTHOR = {Smale, Stephen},
     TITLE = {Generalized {P}oincar\'e's conjecture in dimensions greater
              than four},
   JOURNAL = {Ann. of Math. (2)},
  FJOURNAL = {Annals of Mathematics. Second Series},
    VOLUME = {74},
      YEAR = {1961},
     PAGES = {391--406},
      ISSN = {0003-486X},
   MRCLASS = {57.01 (57.10)},
  MRNUMBER = {0137124 (25 \#580)},
MRREVIEWER = {M. W. Hirsch},
}

@article {Sma62,
    AUTHOR = {Smale, Stephen},
     TITLE = {On the structure of {$5$}-manifolds},
   JOURNAL = {Ann. of Math. (2)},
  FJOURNAL = {Annals of Mathematics. Second Series},
    VOLUME = {75},
      YEAR = {1962},
     PAGES = {38--46},
      ISSN = {0003-486X},
   MRCLASS = {57.10},
  MRNUMBER = {0141133 (25 \#4544)},
MRREVIEWER = {A. Haefliger},
}

@book {Spa66,
    AUTHOR = {Spanier, Edwin H.},
     TITLE = {Algebraic topology},
      NOTE = {Corrected reprint},
 PUBLISHER = {Springer-Verlag, New York-Berlin},
      YEAR = {1981},
     PAGES = {xvi+528},
      ISBN = {0-387-90646-0},
   MRCLASS = {55-02},
  MRNUMBER = {666554 (83i:55001)},
}

@incollection {Sta62,
    AUTHOR = {Stallings, John},
     TITLE = {On fibering certain {$3$}-manifolds},
 BOOKTITLE = {Topology of 3-manifolds and related topics ({P}roc. {T}he
              {U}niv. of {G}eorgia {I}nstitute, 1961)},
     PAGES = {95--100},
 PUBLISHER = {Prentice-Hall, Englewood Cliffs, N.J.},
      YEAR = {1962},
   MRCLASS = {54.78},
  MRNUMBER = {0158375 (28 \#1600)},
MRREVIEWER = {O. G. Harrold},
}

@book {Sta70,
    AUTHOR = {Stasheff, James},
     TITLE = {{$H$}-spaces from a homotopy point of view},
    SERIES = {Lecture Notes in Mathematics, Vol. 161},
 PUBLISHER = {Springer-Verlag, Berlin-New York},
      YEAR = {1970},
     PAGES = {v+95},
   MRCLASS = {55.40},
  MRNUMBER = {0270372 (42 \#5261)},
MRREVIEWER = {Larry Smith},
}

@article {Sta63,
    AUTHOR = {Stasheff, James Dillon},
     TITLE = {Homotopy associativity of {$H$}-spaces. {I}, {II}},
   JOURNAL = {Trans. Amer. Math. Soc. 108 (1963), 275-292; ibid.},
  FJOURNAL = {Transactions of the American Mathematical Society},
    VOLUME = {108},
      YEAR = {1963},
     PAGES = {293--312},
      ISSN = {0002-9947},
   MRCLASS = {55.40},
  MRNUMBER = {0158400 (28 \#1623)},
MRREVIEWER = {A. H. Clark},
}

@book {Steen57,
    AUTHOR = {Steenrod, Norman},
     TITLE = {The topology of fibre bundles},
    SERIES = {Princeton Landmarks in Mathematics},
      NOTE = {Reprint of the 1957 edition,
              Princeton Paperbacks},
 PUBLISHER = {Princeton University Press, Princeton, NJ},
      YEAR = {1999},
     PAGES = {viii+229},
      ISBN = {0-691-00548-6},
   MRCLASS = {55-02 (01A75 55Rxx)},
  MRNUMBER = {1688579 (2000a:55001)},
}

@incollection {Sul04,
    AUTHOR = {Sullivan, Dennis},
     TITLE = {Open and closed string field theory interpreted in classical
              algebraic topology},
 BOOKTITLE = {Topology, geometry and quantum field theory},
    SERIES = {London Math. Soc. Lecture Note Ser.},
    VOLUME = {308},
     PAGES = {344--357},
 PUBLISHER = {Cambridge Univ. Press},
   ADDRESS = {Cambridge},
      YEAR = {2004},
   MRCLASS = {81T45 (55P48 81T30)},
  MRNUMBER = {2079379 (2005g:81289)},
MRREVIEWER = {Riccardo Longoni},
       DOI = {10.1017/CBO9780511526398.014},
       URL = {http://dx.doi.org/10.1017/CBO9780511526398.014},
}

@incollection {Sul05,
    AUTHOR = {Sullivan, Dennis},
     TITLE = {Sigma models and string topology},
 BOOKTITLE = {Graphs and patterns in mathematics and theoretical physics},
    SERIES = {Proc. Sympos. Pure Math.},
    VOLUME = {73},
     PAGES = {1--11},
 PUBLISHER = {Amer. Math. Soc.},
   ADDRESS = {Providence, RI},
      YEAR = {2005},
   MRCLASS = {53D45 (55P48 81T70)},
  MRNUMBER = {2131009 (2005m:53177)},
MRREVIEWER = {David Chataur},
}

@incollection {Sul07,
    AUTHOR = {Sullivan, Dennis},
     TITLE = {String topology background and present state},
 BOOKTITLE = {Current developments in mathematics, 2005},
     PAGES = {41--88},
 PUBLISHER = {Int. Press, Somerville, MA},
      YEAR = {2007},
   MRCLASS = {55P50 (53D40 81T70)},
  MRNUMBER = {2459297 (2010c:55007)},
MRREVIEWER = {Hans U. Boden},
}

@article {SulIHES,
    AUTHOR = {Sullivan, Dennis},
     TITLE = {Infinitesimal computations in topology},
   JOURNAL = {Inst. Hautes \'Etudes Sci. Publ. Math.},
  FJOURNAL = {Institut des Hautes \'Etudes Scientifiques. Publications Math\'ematiques},
      YEAR = {1977},
    NUMBER = {47},
     PAGES = {269--331},
      ISSN = {0073-8301},
   MRCLASS = {57D99 (55D99 58A10)},
  MRNUMBER = {0646078 (58 \#31119)},
MRREVIEWER = {J. F. Adams},
}

%============================ T ============================

@article {Tak77,
    AUTHOR = {Takeuchi, Mitsuhiro},
     TITLE = {Morita theorems for categories of comodules},
   JOURNAL = {J. Fac. Sci. Univ. Tokyo Sect. IA Math.},
  FJOURNAL = {Journal of the Faculty of Science. University of Tokyo.
              Section IA. Mathematics},
    VOLUME = {24},
      YEAR = {1977},
    NUMBER = {3},
     PAGES = {629--644},
      ISSN = {0040-8980},
   MRCLASS = {18E99},
  MRNUMBER = {0472967 (57 \#12646)},
MRREVIEWER = {T. Albu},
}

@article {Tak78,
    AUTHOR = {Takeuchi, Masaru},
     TITLE = {On conjugate loci and cut loci of compact symmetric spaces.
              {I}},
   JOURNAL = {Tsukuba J. Math.},
  FJOURNAL = {Tsukuba Journal of Mathematics},
    VOLUME = {2},
      YEAR = {1978},
     PAGES = {35--68},
      ISSN = {0387-4982},
   MRCLASS = {53C35},
  MRNUMBER = {531960},
MRREVIEWER = {Bang-yen Chen},
       DOI = {10.21099/tkbjm/1496158504},
       URL = {https://doi.org/10.21099/tkbjm/1496158504},
}
	

@article {Tak79,
    AUTHOR = {Takeuchi, Masaru},
     TITLE = {On conjugate loci and cut loci of compact symmetric spaces.
              {II}},
   JOURNAL = {Tsukuba J. Math.},
  FJOURNAL = {Tsukuba Journal of Mathematics},
    VOLUME = {3},
      YEAR = {1979},
    NUMBER = {1},
     PAGES = {1--29},
      ISSN = {0387-4982},
   MRCLASS = {53C35 (57T20 58A35)},
  MRNUMBER = {543016},
MRREVIEWER = {Bang-yen Chen},
       DOI = {10.21099/tkbjm/1496158609},
       URL = {https://doi.org/10.21099/tkbjm/1496158609},
}


@article {Tam61,
    AUTHOR = {Tamura, Itiro},
     TITLE = {{$8$}-manifolds admitting no differentiable structure},
   JOURNAL = {J. Math. Soc. Japan},
  FJOURNAL = {Journal of the Mathematical Society of Japan},
    VOLUME = {13},
      YEAR = {1961},
     PAGES = {377--382},
      ISSN = {0025-5645},
   MRCLASS = {57.10},
  MRNUMBER = {0143220 (26 \#780)},
MRREVIEWER = {M. A. Kervaire},
}

@article {TaSa16,
    AUTHOR = {Sabau, Sorin V. and Tanaka, Minoru},
     TITLE = {The cut locus and distance function from a closed subset of a
              {F}insler manifold},
   JOURNAL = {Houston J. Math.},
  FJOURNAL = {Houston Journal of Mathematics},
    VOLUME = {42},
      YEAR = {2016},
    NUMBER = {4},
     PAGES = {1157--1197},
      ISSN = {0362-1588},
   MRCLASS = {53C60 (53B40 53C22)},
  MRNUMBER = {3609822},
MRREVIEWER = {L\'{a}szl\'{o} Kozma},
       DOI = {10.1177/001316448204200428},
       URL = {https://doi.org/10.1177/001316448204200428},
}

@incollection {Ter04,
    AUTHOR = {Terzi{\'c}, Svjetlana},
     TITLE = {On rational homotopy of four-manifolds},
 BOOKTITLE = {Contemporary geometry and related topics},
     PAGES = {375--388},
 PUBLISHER = {World Sci. Publ., River Edge, NJ},
      YEAR = {2004},
   MRCLASS = {55P62 (57N13)},
  MRNUMBER = {2070881 (2005b:55023)},
MRREVIEWER = {Vicente Mu{\~n}oz},
       DOI = {10.1142/9789812703088_0020},
       URL = {http://dx.doi.org/10.1142/9789812703088_0020},
}

@article {Thom54,
    AUTHOR = {Thom, Ren{\'e}},
     TITLE = {Quelques propri\'et\'es globales des vari\'et\'es
              diff\'erentiables},
   JOURNAL = {Comment. Math. Helv.},
  FJOURNAL = {Commentarii Mathematici Helvetici},
    VOLUME = {28},
      YEAR = {1954},
     PAGES = {17--86},
      ISSN = {0010-2571},
   MRCLASS = {56.0X},
  MRNUMBER = {0061823 (15,890a)},
MRREVIEWER = {W. S. Massey},
}

@article {Thom72,
    AUTHOR = {Thom, R.},
     TITLE = {Sur le cut-locus d'une vari\'{e}t\'{e} plong\'{e}e},
   JOURNAL = {J. Differential Geometry},
  FJOURNAL = {Journal of Differential Geometry},
    VOLUME = {6},
      YEAR = {1972},
     PAGES = {577--586},
      ISSN = {0022-040X},
   MRCLASS = {57D70 (57D40 58C25)},
  MRNUMBER = {391131},
MRREVIEWER = {Alan Weinstein},
       URL = {http://projecteuclid.org/euclid.jdg/1214430644},
}

@article {Tod56,
    AUTHOR = {Toda, Hirosi},
     TITLE = {On the double suspension {$E^2$}},
   JOURNAL = {J. Inst. Polytech. Osaka City Univ. Ser. A.},
    VOLUME = {7},
      YEAR = {1956},
     PAGES = {103--145},
   MRCLASS = {55.0X},
  MRNUMBER = {0092968 (19,1188g)},
MRREVIEWER = {I. M. James},
}

@book {Tod62,
    AUTHOR = {Toda, Hirosi},
     TITLE = {Composition methods in homotopy groups of spheres},
    SERIES = {Annals of Mathematics Studies, No. 49},
 PUBLISHER = {Princeton University Press, Princeton, N.J.},
      YEAR = {1962},
     PAGES = {v+193},
   MRCLASS = {55.45},
  MRNUMBER = {0143217 (26 \#777)},
MRREVIEWER = {J. F. Adams},
}

%============================ U ============================


%============================ V ============================

@article {Van95,
    AUTHOR = {Vainsencher, Israel},
     TITLE = {Enumeration of {$n$}-fold tangent hyperplanes to a surface},
   JOURNAL = {J. Algebraic Geom.},
  FJOURNAL = {Journal of Algebraic Geometry},
    VOLUME = {4},
      YEAR = {1995},
    NUMBER = {3},
     PAGES = {503--526},
      ISSN = {1056-3911},
   MRCLASS = {14N10 (14C05 14H45)},
  MRNUMBER = {1325790 (96e:14063)},
MRREVIEWER = {Ragni Piene},
}

@article {VPSu76,
    AUTHOR = {Vigu{\'e}-Poirrier, Micheline and Sullivan, Dennis},
     TITLE = {The homology theory of the closed geodesic problem},
   JOURNAL = {J. Differential Geometry},
  FJOURNAL = {Journal of Differential Geometry},
    VOLUME = {11},
      YEAR = {1976},
    NUMBER = {4},
     PAGES = {633--644},
      ISSN = {0022-040X},
   MRCLASS = {58E10},
  MRNUMBER = {0455028 (56 \#13269)},
MRREVIEWER = {Peter Klein},
}

%============================ W ============================

@article {Wall64,
    AUTHOR = {Wall, C. T. C.},
     TITLE = {On simply-connected {$4$}-manifolds},
   JOURNAL = {J. London Math. Soc.},
  FJOURNAL = {Journal of the London Mathematical Society. Second Series},
    VOLUME = {39},
      YEAR = {1964},
     PAGES = {141--149},
      ISSN = {0024-6107},
   MRCLASS = {57.10},
  MRNUMBER = {0163324 (29 \#627)},
MRREVIEWER = {N. H. Kuiper},
}

@book {Wall70b,
    AUTHOR = {Wall, C. T. C.},
     TITLE = {Surgery on compact manifolds},
      NOTE = {London Mathematical Society Monographs, No. 1},
 PUBLISHER = {Academic Press, London-New York},
      YEAR = {1970},
     PAGES = {x+280},
   MRCLASS = {57D65},
  MRNUMBER = {0431216 (55 \#4217)},
MRREVIEWER = {J. Levine},
}

@inproceedings {Wall77,
    AUTHOR = {Wall, C. T. C.},
     TITLE = {Geometric properties of generic differentiable manifolds},
 BOOKTITLE = {Geometry and topology ({P}roc. {III} {L}atin {A}mer. {S}chool
              of {M}ath., {I}nst. {M}at. {P}ura {A}plicada {CNP}q, {R}io de
              {J}aneiro, 1976)},
    SERIES = {Lecture Notes in Math., Vol. 597},
     PAGES = {707--774},
 PUBLISHER = {Springer, Berlin},
      YEAR = {1977},
   MRCLASS = {58C25},
  MRNUMBER = {0494233},
MRREVIEWER = {Edward Bierstone},
}

@book {Wall99,
    AUTHOR = {Wall, C. T. C.},
     TITLE = {Surgery on compact manifolds},
    SERIES = {Mathematical Surveys and Monographs},
    VOLUME = {69},
   EDITION = {Second},
      NOTE = {Edited and with a foreword by A. A. Ranicki},
 PUBLISHER = {American Mathematical Society},
   ADDRESS = {Providence, RI},
      YEAR = {1999},
     PAGES = {xvi+302},
      ISBN = {0-8218-0942-3},
   MRCLASS = {57R67 (19J25 57-02)},
  MRNUMBER = {1687388 (2000a:57089)},
}

@article {Whi35,
    AUTHOR = {Whitehead, J. H. C.},
     TITLE = {On the covering of a complete space by the geodesics through a
              point},
   JOURNAL = {Ann. of Math. (2)},
  FJOURNAL = {Annals of Mathematics. Second Series},
    VOLUME = {36},
      YEAR = {1935},
    NUMBER = {3},
     PAGES = {679--704},
      ISSN = {0003-486X},
   MRCLASS = {DML},
  MRNUMBER = {1503245},
       DOI = {10.2307/1968651},
       URL = {https://doi.org/10.2307/1968651},
}

@article {Wh44,
    AUTHOR = {Whitney, Hassler},
     TITLE = {The self-intersections of a smooth {$n$}-manifold in
              {$2n$}-space},
   JOURNAL = {Ann. of Math. (2)},
  FJOURNAL = {Annals of Mathematics. Second Series},
    VOLUME = {45},
      YEAR = {1944},
     PAGES = {220--246},
      ISSN = {0003-486X},
   MRCLASS = {56.0X},
  MRNUMBER = {0010274 (5,273g)},
MRREVIEWER = {A. E. Taylor},
}

@article {WhGW43,
    AUTHOR = {Whitehead, George W.},
     TITLE = {On the homotopy groups of spheres and rotation groups},
   JOURNAL = {Ann. of Math. (2)},
  FJOURNAL = {Annals of Mathematics. Second Series},
    VOLUME = {43},
      YEAR = {1942},
     PAGES = {634--640},
      ISSN = {0003-486X},
   MRCLASS = {56.0X},
  MRNUMBER = {0007107 (4,88c)},
MRREVIEWER = {H. Whitney},
}

@article {WhGW53,
    AUTHOR = {Whitehead, George W.},
     TITLE = {On the {F}reudenthal theorems},
   JOURNAL = {Ann. of Math. (2)},
  FJOURNAL = {Annals of Mathematics. Second Series},
    VOLUME = {57},
      YEAR = {1953},
     PAGES = {209--228},
      ISSN = {0003-486X},
   MRCLASS = {56.0X},
  MRNUMBER = {0055683 (14,1110d)},
MRREVIEWER = {H. Cartan},
}

@article {Wol79,
    AUTHOR = {Wolter, Franz-Erich},
    TITLE = {Distance function and cut loci on a complete {R}iemannian
    manifold},
    JOURNAL = {Arch. Math. (Basel)},
    FJOURNAL = {Archiv der Mathematik},
    VOLUME = {32},
    YEAR = {1979},
    NUMBER = {1},
    PAGES = {92--96},
    ISSN = {0003-889X},
    MRCLASS = {53C20},
    MRNUMBER = {532854},
    MRREVIEWER = {H. R. Gluck},
    DOI = {10.1007/BF01238473},
    URL = {https://doi.org/10.1007/BF01238473},
}

@article {Wu50,
    AUTHOR = {Wu, Wen-Ts{\"u}n},
     TITLE = {Classes caract\'eristiques et {$i$}-carr\'es d'une
              vari\'et\'e},
   JOURNAL = {C. R. Acad. Sci. Paris},
    VOLUME = {230},
      YEAR = {1950},
     PAGES = {508--511},
   MRCLASS = {56.0X},
  MRNUMBER = {0035992 (12,42f)},
MRREVIEWER = {H. Whitney},
}

%============================ X ============================


%============================ Y ============================

%============================ Y ============================

@book {YaSt75,
    AUTHOR = {Yakubovich, V. A. and Starzhinskii, V. M.},
     TITLE = {Linear differential equations with periodic coefficients. 1,
              2},
      NOTE = {Translated from Russian by D. Louvish},
 PUBLISHER = {Halsted Press [John Wiley \& Sons] New York-Toronto, Ont.,;
              Israel Program for Scientific Translations, Jerusalem-London},
      YEAR = {1975},
     PAGES = {Vol. 1: xii+386 pp.; Vol. 2: xii+pp. 387--839},
   MRCLASS = {34CXX (34A30)},
  MRNUMBER = {0364740},
}

%============================ Z ============================

@inproceedings {Zim87,
    AUTHOR = {Zimmer, Robert J.},
     TITLE = {Actions of semisimple groups and discrete subgroups},
 BOOKTITLE = {Proceedings of the {I}nternational {C}ongress of
              {M}athematicians, {V}ol. 1, 2 ({B}erkeley, {C}alif., 1986)},
     PAGES = {1247--1258},
 PUBLISHER = {Amer. Math. Soc., Providence, RI},
      YEAR = {1987},
   MRCLASS = {22E40 (57S15 57S20)},
  MRNUMBER = {934329 (89j:22024)},
MRREVIEWER = {S. G. Dani},
}

@inproceedings {Zim87b,
    AUTHOR = {Zimmer, Robert J.},
     TITLE = {Lattices in semisimple groups and invariant geometric structures on compact manifolds},
 BOOKTITLE = {Discrete groups in geometry and analysis (New Haven, Conn., 1984)},
    SERIES = {Progr. Math., vol. 67},
     PAGES = {152--210},
 PUBLISHER = {Birkh{\"a}user Boston, Boston, MA},
      YEAR = {1987},
   MRCLASS = {},
  MRNUMBER = {900826 (88i:22025)},
MRREVIEWER = {},
}

%============================ * ============================
%============================ * ============================


@article {g3,
    AUTHOR = {Zinger, Aleksey},
     TITLE = {Enumeration of genus-three plane curves with a fixed complex
              structure},
   JOURNAL = {J. Algebraic Geom.},
  FJOURNAL = {Journal of Algebraic Geometry},
    VOLUME = {14},
      YEAR = {2005},
    NUMBER = {1},
     PAGES = {35--81},
      ISSN = {1056-3911},
   MRCLASS = {14N10 (14H45 14H50)},
  MRNUMBER = {2092126 (2006f:14064)},
       DOI = {10.1090/S1056-3911-04-00375-3},
       URL = {http://dx.doi.org/10.1090/S1056-3911-04-00375-3},
}
@article {g2p2and3,
    AUTHOR = {Zinger, Aleksey},
     TITLE = {Enumeration of genus-two curves with a fixed complex structure
              in {$\Bbb P^2$} and {$\Bbb P^3$}},
   JOURNAL = {J. Differential Geom.},
  FJOURNAL = {Journal of Differential Geometry},
    VOLUME = {65},
      YEAR = {2003},
    NUMBER = {3},
     PAGES = {341--467},
      ISSN = {0022-040X},
     CODEN = {JDGEAS},
   MRCLASS = {14N10 (14H45)},
  MRNUMBER = {2064428 (2006f:14063)},
       URL = {http://projecteuclid.org/getRecord?id=euclid.jdg/1090511749},
}
@article {g1,
    AUTHOR = {Zinger, Aleksey},
     TITLE = {Enumeration of one-nodal rational curves in projective spaces},
   JOURNAL = {Topology},
  FJOURNAL = {Topology. An International Journal of Mathematics},
    VOLUME = {43},
      YEAR = {2004},
    NUMBER = {4},
     PAGES = {793--829},
      ISSN = {0040-9383},
     CODEN = {TPLGAF},
   MRCLASS = {14N10 (14N35 53D45)},
  MRNUMBER = {2061208 (2005c:14070)},
MRREVIEWER = {Zhenbo Qin},
       DOI = {10.1016/S0040-9383(03)00075-2},
       URL = {http://dx.doi.org/10.1016/S0040-9383(03)00075-2},
}
@article {g0pr,
    AUTHOR = {Zinger, Aleksey},
     TITLE = {Counting rational curves of arbitrary shape in projective
              spaces},
   JOURNAL = {Geom. Topol.},
  FJOURNAL = {Geometry and Topology},
    VOLUME = {9},
      YEAR = {2005},
     PAGES = {571--697 (electronic)},
      ISSN = {1465-3060},
   MRCLASS = {14N10},
  MRNUMBER = {2140990 (2006e:14076)},
MRREVIEWER = {Charles D. Cadman},
       DOI = {10.2140/gt.2005.9.571},
       URL = {http://dx.doi.org/10.2140/gt.2005.9.571},
}

@article {L1,
    AUTHOR = {Liu, Ai-Ko},
     TITLE = {Family blowup formula, admissible graphs and the enumeration
              of singular curves. {I}},
   JOURNAL = {J. Differential Geom.},
  FJOURNAL = {Journal of Differential Geometry},
    VOLUME = {56},
      YEAR = {2000},
    NUMBER = {3},
     PAGES = {381--579},
      ISSN = {0022-040X},
     CODEN = {JDGEAS},
   MRCLASS = {57R57 (14C20 14N10 57R58)},
  MRNUMBER = {1868322 (2003b:57046)},
MRREVIEWER = {Ignasi Mundet-Riera},
       URL = {http://projecteuclid.org/getRecord?id=euclid.jdg/1090347696},
}

@article {Tz,
    AUTHOR = {Tzeng, Yu-Jong},
     TITLE = {A proof of the {G}\"ottsche-{Y}au-{Z}aslow formula},
   JOURNAL = {J. Differential Geom.},
  FJOURNAL = {Journal of Differential Geometry},
    VOLUME = {90},
      YEAR = {2012},
    NUMBER = {3},
     PAGES = {439--472},
      ISSN = {0022-040X},
     CODEN = {JDGEAS},
   MRCLASS = {14N10 (11F23)},
  MRNUMBER = {2916043},
MRREVIEWER = {Roberto Mu{\~n}oz},
       URL = {http://projecteuclid.org/getRecord?id=euclid.jdg/1335273391},
}

@article {MR2197218,
    AUTHOR = {Zinger, Aleksey},
     TITLE = {Enumerative vs.\ symplectic invariants and obstruction
              bundles},
   JOURNAL = {J. Symplectic Geom.},
  FJOURNAL = {The Journal of Symplectic Geometry},
    VOLUME = {2},
      YEAR = {2004},
    NUMBER = {4},
     PAGES = {445--543},
      ISSN = {1527-5256},
   MRCLASS = {53D45},
  MRNUMBER = {2197218 (2007g:53103)},
MRREVIEWER = {Klaus Mohnke},
       URL = {http://projecteuclid.org/getRecord?id=euclid.jsg/1144070628},
}
@article {MR2047680,
    AUTHOR = {Zinger, Aleksey},
     TITLE = {Completion of {K}atz-{Q}in-{R}uan's enumeration of genus-two
              plane curves},
   JOURNAL = {J. Algebraic Geom.},
  FJOURNAL = {Journal of Algebraic Geometry},
    VOLUME = {13},
      YEAR = {2004},
    NUMBER = {3},
     PAGES = {547--561},
      ISSN = {1056-3911},
   MRCLASS = {14N10},
  MRNUMBER = {2047680 (2005b:14095)},
MRREVIEWER = {G{\'a}bor Megyesi},
       DOI = {10.1090/S1056-3911-03-00353-9},
       URL = {http://dx.doi.org/10.1090/S1056-3911-03-00353-9},
}

@article {AZ_Pseudocycle,
    AUTHOR = {Zinger, Aleksey},
     TITLE = {Pseudocycles and integral homology},
   JOURNAL = {Trans. Amer. Math. Soc.},
  FJOURNAL = {Transactions of the American Mathematical Society},
    VOLUME = {360},
      YEAR = {2008},
    NUMBER = {5},
     PAGES = {2741--2765},
      ISSN = {0002-9947},
     CODEN = {TAMTAM},
   MRCLASS = {57R95 (53D45 55N99)},
  MRNUMBER = {2373332 (2008k:57060)},
MRREVIEWER = {Yunfeng Jiang},
       DOI = {10.1090/S0002-9947-07-04440-6},
       URL = {http://dx.doi.org/10.1090/S0002-9947-07-04440-6},
}

@article{BM13_2pt_published, 
      AUTHOR = {Basu, S. and Mukherjee, R.},
      TITLE =  {Enumeration of curves with two singular points}, 
      JOURNAL = {Bull. Sci. Math.},
      YEAR={2014},
      DOI={10.1016/j.bulsci.2014.11.006},
      URL =  {http://dx.doi.org/10.1016/j.bulsci.2014.11.006},
}


%===============================================================================

@unpublished{BaFa15,
    author  = "Basu, Somnath and Farrell, Thomas",
    title   = "Realizing congruence subgroups inside the diffeomorphism group of a product of homotopy spheres",
    note    = "",
}

@unpublished{BaBa15_unpub,
    author  = "Basu, Samik and Basu, Somnath",
    title   = "Homotopy groups of highly connected manifolds",
    note    = "available at \url{http://arxiv.org/abs/1510.05195}",
}

@unpublished{BBDM15_unpub,
    author  = "Basu, Samik and Basu, Somnath and Das, Apurba and Mukherjee, Goutam",
    title   = "Nambu Structures and Associated Bialgebroids",
    note    = "available at \url{http://arxiv.org/abs/1502.06533}",
}

@unpublished{BM13, 
      author = "Basu, S. and Mukherjee, R.",
      title =  "Enumeration of curves with one singular point", 
      note =  "available at  \url{http://arxiv.org/abs/1308.2902} ", 
}

@unpublished{Vai07,
    author  = "Vaintrob, D.",
    title   = "The string topology {BV} algebra, {H}ochschild cohomology and the {G}oldman bracket on surfaces",
    note    = "available at \url{http://arxiv.org/abs/0702859}",
}

@unpublished{BaMufd,
  author  = "Basu, Somnath and Mukherjee, Riwtik",
      title   = "Enumeration of curves with singularities: Further details",
    note    = "available at \url{http://sites.google.com/site/ritwik371/}",
}

@unpublished{FTVP1,
	author  = "F{\'e}lix, Y. and Thomas, J-C. and Vigu{\'e}-Poirier, M.",
    title   = "Loop homology algebra of a closed manifold",
    note    = "available at \url{http://arxiv.org/abs/math/0203137}",
}

@unpublished{God08,
	author  = "Godin, V.",
	title   = "Higher string topology operations",
	note    = "preprint (2008), available at \url{http://arxiv.org/abs/0711.4859}",
}

@unpublished{CS99,
    author  = "{Chas}, M. and {Sullivan}, D.",
    title   = "String Topology",
    note    = "available at \url{http://arxiv.org/abs/math/9911159}",
}

@unpublished{Z1,
    author  = "Zinger, A.",
    title   = "Counting plane rational curves: old and new approaches",
    note    = "available at \url{http://arxiv.org/abs/math/0507105}",
}

@unpublished{Va,
    author  = "Vakil, R.",
    title   = "Enumerative geometry of plane curves of low genus",
    note    = "available at \url{http://arxiv.org/abs/math/9803007}",
}

@unpublished{BM13_2pt, 
      author = "Basu, S. and Mukherjee, R.",
      title =  "Enumeration of curves with two singular points", 
      note =  "available at  \url{https://www.sites.google.com/site/ritwik371/home}", 
}

@unpublished{BM_Detail, 
      author = "Basu, S. and Mukherjee, R.",
      title =  "Enumeration of curves with singularities: Further details", 
      note =  "available at  \url{https://www.sites.google.com/site/ritwik371/home}", 
}

@unpublished{RM_Detail, 
      author = "Mukherjee, R.",
      title =  "Enumeration of singular hypersurfaces: General position arguments", 
      note =  "available at  \url{https://www.sites.google.com/site/ritwik371/home}", 
}

@unpublished{RM_Hypersurfaces, 
      author = "Mukherjee, R.",
      title =  "Enumeration of singular hypersurfaces on arbitrary complex manifolds", 
      note =  "available at  \url{http://arxiv.org/abs/1410.4142}", 
}

@unpublished{RM_Hypersurfaces_Further_details, 
      author = "Mukherjee, R.",
      title =  "Enumeration of singular hypersurfaces: general position arguments", 
      note =  "available at  \url{https://www.sites.google.com/site/ritwik371/home}", 
}
      
@unpublished{BM_linear_system_codim_seven, 
      author = "Basu, S. and Mukherjee, R.",
      title =  "Counting curves on a general linear system with upto two singular points", 
      note =  "available at \url{http://arxiv.org/abs/}", 
}

@unpublished{L2,
    author  = "Liu, Ai-Ko",
    title   = "The algebraic proof of the universality theorem",
    note    = "available at \url{http://arxiv.org/abs/math/0402045}",
}

%================================ Thesis =======================================

@phdthesis{Bas11,
    author  = "Basu, S.",
    title   = "Transversal string topology and invariants of manifolds",
    year    = "2011",        
    note    = "available at \url{http://math.binghamton.edu/~somnath/Research/Thesis.pdf}",
}

@phdthesis{Poi10,
    author  = "Poirier, K.",
    title   = "String topology and compactified moduli spaces",
    year    = "2010",        
    note    = "available at \url{http://math.berkeley.edu/~poirier/thesis.pdf}",
}

@phdthesis{Hei11,
    author  = "Heistercamp, Muriel",
    title   = "The Weinstein conjecture with multiplicities on spherizations",
    year    = "2011",        
    note    = "available at \url{http://arxiv.org/abs/1105.3886}",
}

@phdthesis{Fla65,
    AUTHOR = {Flaherty, Francis Joseph},
     TITLE = {The cut locus of a submanifold},
      NOTE = {Thesis (Ph.D.)--University of California, Berkeley},
 PUBLISHER = {ProQuest LLC, Ann Arbor, MI},
      YEAR = {1965},
     PAGES = {21},
   MRCLASS = {Thesis},
  MRNUMBER = {2614933},
       URL =
              {http://gateway.proquest.com/openurl?url_ver=Z39.88-2004&rft_val_fmt=info:ofi/fmt:kev:mtx:dissertation&res_dat=xri:pqdiss&rft_dat=xri:pqdiss:6513480},
}
